2942 5067
209 390 986 493 oroutnooumurnum-..105
1068 391 1141 468 565

101 587 152 658 Et
173 589 257 686 quie
281 590 421 686 cuique
443 581 554 658 dolor
571 587 688 674 victo,
729 607 826 683 quae
847 581 963 682 gloria
981 579 1139 694 palmoe.

102 723 244 794 Nonne
257 719 370 810 vides,
392 743 510 820 quum
526 722 722 816 praecipiti
744 721 948 806 certamine
965 711 1140 815 campum

103 857 352 953 Corripuere,
379 869 571 952 ruuntque
594 846 697 925 effusi
718 877 870 926 carcere
890 871 1037 938 currus3

102 991 234 1085 Quum
264 987 345 1089 ipes
380 987 555 1062 adrectae
590 992 792 1076 iuuenum,
848 983 1140 1083 exsultantiaque

434 1113 443 1132 ⁴
721 1121 845 1194 haurit
1055 1113 1136 1190 ·105

172 1327 222 1363 ror
245 1309 326 1364 color
346 1327 411 1366 ruue
432 1283 557 1369 arundel.
627 1309 675 1365 103
696 1317 847 1362 conamine
859 1323 955 1363 veteres
978 1306 1079 1382 aliquot
1094 1293 1136 1382 up.

99 1394 226 1448 Pierium.
268 1395 392 1450 Redeunt
411 1394 440 1448 hi
460 1395 543 1450 versus
554 1399 618 1450 Aen.
635 1397 668 1458 V,
687 1408 745 1464 144.
763 1398 819 1464 145.
903 1403 951 1461 104
967 1413 1021 1463 que
1036 1393 1137 1451 rbestr

97 1481 270 1618 pgpnpipepr.
356 1481 413 1536 105.
436 1483 484 1537 106
507 1479 591 1536 Iidem
610 1479 665 1535 iere
683 1480 768 1535 versut
787 1479 834 1534 inf.
855 1483 919 1536 Aen.
936 1479 971 1542 V,
995 1479 1051 1549 137.
1077 1481 1136 1574 132,

100 1737 228 1806 genere.
278 1723 320 1783 At
339 1722 424 1784 idem
444 1721 489 1797 11,
517 1721 549 1797 5,
577 1739 598 1804 9
643 1729 712 1802 104
745 1723 934 1801 corripuere
965 1737 1136 1803 eampum,

101 1826 144 1885 de
180 1824 303 1886 bubus:
358 1847 496 1910 „neque
529 1847 598 1885 non
637 1829 776 1906 proprie,
800 1823 893 1905 spatia
909 1843 968 1905 per
981 1845 1134 1905 campum,

97 1943 290 2010 praeterea,
317 1942 356 1987 vt
376 1949 485 1988 mares
493 1928 598 2008 semi-
640 1929 741 2006 campi
760 1927 809 2004 (cf.
824 1927 879 1986 inf.
902 1934 969 2004 142.
990 1942 1067 1990 noto
1082 1925 1136 1986 vsu

101 2034 155 2090 nir
182 2030 262 2090 boni
276 2027 365 2106 sunt,
401 2052 541 2115 quorum
563 2045 598 2090 et
637 2031 822 2109 poetarum)
844 2031 1043 2098 certamine,
1073 2041 1133 2110 pro

91 2133 216 2213 forma
245 2131 290 2209 qli
310 2132 518 2216 spectanda,
563 2149 597 2193 et
639 2131 752 2208 cursu,
780 2151 845 2213 quo
865 2145 992 2191 certant.
1043 2129 1135 2213 effusi

99 2239 162 2318 qui
187 2256 231 2293 ex
251 2233 303 2293 la'r
332 2239 398 2296 orti
419 2236 516 2314 sum,
558 2250 597 2296 art
639 2253 772 2292 carcere
798 2253 826 2294 v.
855 2233 1024 2316 Georg.1,
1059 2237 1133 2298 512.
1197 2297 1200 2304 ,

99 2335 324 2420 respondeant
346 2337 396 2398 ad
416 2352 597 2421 parentum
642 2337 710 2398 105.
744 2333 825 2418 spes
855 2351 1008 2396 arrectae
1041 2339 1134 2398 irrue-

89 2437 285 2519 speeiem.“
351 2463 420 2502 102.
454 2443 596 2504 Tandem
637 2458 729 2505 num,
755 2437 785 2496 h.
808 2441 997 2522 aurigarum
1032 2445 1066 2502 in
1085 2439 1133 2503 so·

97 2541 162 2603 hoc
186 2541 330 2619 obterar,
366 2565 459 2628 quem
479 2545 597 2612 sensnm
637 2533 701 2599 luta
723 2543 882 2603 oratione:
923 2546 1030 2603 animi
1044 2544 1132 2622 fiant

95 2647 249 2708 victoriae
263 2661 318 2706 aut
332 2649 522 2730 ignominiae
542 2647 597 2709 ha·
636 2645 760 2701 arrecti
778 2642 851 2725 spe.
912 2645 960 2706 Ita
982 2661 1014 2706 et
1036 2667 1133 2728 expo-

95 2745 183 2811 beu.
636 2745 741 2806 nenda
759 2745 837 2808 Aen.
856 2745 993 2826 x1,452
1022 2769 1133 2810 arrec-

144 2851 322 2914 103-112.
344 2851 505 2913 Praeclare
518 2849 596 2912 haec
637 2861 693 2908 tae
706 2845 852 2925 stimulis
869 2849 963 2908 leand
980 2851 1132 2914 mollibus

97 2950 245 3032 exemplo
273 2951 513 3034 splendidiffimo
545 2974 596 3014 ex·
637 2952 719 3017 irae,
766 2951 812 3023 V,
836 2952 895 3014 158
919 2951 1056 3013 laudum
1075 2976 1130 3014 ar-

97 3069 202 3115 ornat·
251 3057 336 3116 Nota
355 3072 388 3118 et
407 3057 537 3119 modum
559 3057 597 3118 il·
638 3067 731 3113 recta
749 3050 879 3134 cupido.
928 3055 1132 3131 exsultantia

95 3155 155 3216 lud
171 3151 339 3221 efferendi:
358 3159 477 3220 Nonne
492 3157 594 3218 vider.
637 3153 754 3224 eorda,
789 3155 999 3233 h.,micantia,
1036 3163 1131 3242 trepi-

96 3255 195 3320 Deest
227 3273 332 3323 tumen
365 3277 412 3322 vt.
474 3263 596 3322 Scilicet
637 3257 760 3332 dantia,
814 3277 882 3322 non
912 3261 1009 3322 modo
1042 3279 1131 3325 metu

95 3380 231 3445 pergere
258 3362 406 3428 volebat:
453 3378 596 3447 quantur
635 3363 841 3443 ignominiae,
871 3377 903 3425 vt
919 3363 994 3424 dixit
1007 3365 1130 3428 Lucret.
1237 3371 1242 3384 '

93 3463 345 3525 amorlaudum
359 3463 404 3527 srt.
448 3467 596 3528 Curare·
634 3463 697 3537 111,
724 3471 784 3542 142
819 3467 885 3526 Hie
908 3468 960 3544 (in
980 3471 1129 3550 pectore)

92 3587 134 3627 ro
150 3580 201 3628 tot
216 3567 275 3628 elia
290 3566 469 3651 interpofita
486 3567 593 3643 effert,
635 3565 780 3641 exsultat
819 3573 905 3628 enim
938 3571 1053 3632 Pauor
1087 3593 1130 3632 ae

95 3666 141 3730 rs.
173 3689 234 3730 rra
260 3689 377 3733 nouam
407 3671 528 3735 exorsus
551 3668 594 3736 est
634 3671 763 3737 Metusr
798 3691 904 3732 verum
935 3678 1029 3734 etiam
1046 3697 1129 3738 om·

92 3771 289 3834 sententiam.
349 3772 513 3856 Expreffue
539 3791 593 3834 eu·
633 3775 710 3832 nino
740 3787 807 3834 toto
831 3775 885 3834 illo
912 3778 1006 3837 animi
1027 3795 1126 3854 motu,

92 3875 265 3937 temlerus
286 3897 325 3938 ex
345 3878 485 3939 Homero
504 3877 591 3938 Iliaci
634 3895 698 3957 quo
717 3879 752 3934 in
773 3875 825 3936 tali
848 3893 988 3959 ternpore
1008 3885 1128 3944 animur

92 3977 136 4060 ψ,
157 3980 222 4042 362
242 3978 306 4064 sqq.
313 4025 324 4056 ,
352 4003 447 4065 quem
467 4001 592 4062 compa·
634 3983 742 4060 agitari
755 3978 840 4040 solet.
878 3982 1019 4061 Arbitror
1032 3990 1127 4060 enim,

91 4094 167 4141 rent
194 4076 302 4142 herum
326 4105 430 4157 rerum
450 4081 591 4163 studiofi3
634 4097 761 4142 onmem
783 4083 869 4144 illurn
898 4091 992 4152 enimi
1013 4089 1127 4148 tumul·

91 4201 169 4251 narn
188 4179 304 4266 lingula
320 4203 447 4249 enotare
461 4188 592 4269 longum
634 4200 699 4246 tum
712 4201 746 4246 et
759 4184 873 4248 aessuur
886 4187 1057 4267 spernetu,
1074 4209 1126 4248 ex·

94 4281 188 4372 ‘miti
209 4301 242 4350 et
255 4289 294 4350 cf.
308 4291 386 4355 Aen.
399 4292 440 4369 V,
460 4291 590 4375 144sqq.
632 4293 823 4373 pertatione,
838 4289 935 4381 langiis
942 4288 1054 4366 studio,
1069 4311 1128 4371 pu·
