2942 5067
346 397 398 494 76
555 397 873 472 P.v1RG1L11
905 401 1168 479 MARONIS

344 577 509 657 Diffusos
534 583 647 658 edera
666 583 771 659 vestit
797 586 962 687 pollente
985 588 1195 682 corymbos.

413 760 449 830 39
462 761 581 830 parante
600 758 727 814 Rottend.
748 757 796 814 sec.
812 775 838 814 ct
852 779 896 834 qn.
911 761 1026 823 Motae,
1053 775 1081 815 vt
1094 759 1150 814 Ed.
1168 762 1201 825 11,
1218 769 1261 833 47.

137 937 141 944 ·
345 907 432 974 verso
455 912 597 992 expedita
616 910 684 974 satis
705 910 774 975 sunt
793 937 843 976 re·
885 935 995 978 croceo
1036 913 1148 974 fructu.
1197 935 1226 973 v.
1257 914 1384 974 Martin.

345 1015 439 1098 liqna.
497 1014 605 1098 Itaque
634 1015 781 1079 salinario
811 1033 844 1078 et
885 1019 922 1078 ttd
939 1017 969 1078 h.
990 1017 1011 1076 l.
1057 1016 1146 1076 Vitis
1166 1031 1269 1078 eutem
1289 1019 1387 1098 expli-

337 1119 526 1179 ·Burmanno
565 1119 646 1180 nolin
683 1121 842 1194 accedere,
885 1141 954 1181 care
976 1118 1006 1180 se
1028 1132 1060 1179 et
1079 1116 1200 1198 serpere
1222 1119 1313 1202 super
1329 1142 1388 1180 ra-

345 1237 380 1282 vt
402 1237 494 1281 tomo
515 1234 635 1282 tanturn
656 1223 789 1304 politum
812 1239 843 1282 et
885 1227 992 1282 ceruos
1020 1218 1156 1300 diffl‘sffl
1181 1220 1321 1295 hedera,
1354 1222 1386 1282 h.

304 1307 307 1314 ¹
347 1322 546 1384 rotundorum
563 1325 725 1404 poculum,
744 1325 844 1386 caela·
884 1344 1022 1385 racemos
1031 1321 1382 1398 hederae,hedemceos,

347 1442 416 1487 tura
442 1446 517 1487 vero
547 1429 616 1486 vitis
644 1425 842 1510 superaddita
885 1426 1027 1510 adeoque
1045 1425 1134 1510 super
1148 1424 1306 1495 hederam,
1325 1449 1385 1508 pu·
1441 1437 1447 1452 “

344 1527 397 1604 fit,
422 1526 451 1588 h.
467 1532 500 1588 in
519 1529 614 1610 plana
636 1546 669 1590 et
689 1530 843 1612 laeuigata
884 1530 978 1590 tanda
999 1524 1050 1600 est,
1081 1544 1175 1611 atque
1198 1533 1241 1589 ita
1266 1527 1384 1590 ambire

345 1631 503 1713 superficie
547 1631 700 1715 exsculpta
748 1649 840 1693 extet.
884 1632 958 1692 duae
989 1631 1118 1692 caelaret
1148 1635 1296 1714 imagines
1321 1632 1385 1691 Co·

317 1735 411 1796 'Iam
442 1737 560 1819 reliqua
590 1739 632 1796 ita
665 1735 848 1819 iungenda:
882 1740 974 1794 nonis
996 1749 1028 1794 et
1040 1735 1136 1794 Arati.
1179 1736 1261 1795 Nem
1279 1737 1384 1792 vitem

346 1837 478 1920 quibus,
506 1837 536 1897 h.
558 1843 607 1898 cui
628 1840 743 1920 poculo
763 1841 842 1898 vitis
885 1837 923 1896 de
940 1834 1073 1897 hederae
1087 1842 1209 1898 ‘vimine
1217 1878 1228 1909 ,
1259 1835 1385 1896 viticnla
1446 1849 1447 1854 ’

346 1942 438 2000 kata
447 1939 688 2019 superaddita,
708 1941 842 2024 exsculp.
884 1939 1057 2020 appellatur
1102 1941 1226 2024 quidem
1269 1939 1383 2011 Plinio,

346 2059 395 2117 ta,
426 2059 522 2101 torno
535 2044 656 2122 facili,
684 2044 841 2125 ope‘fcal·
884 2061 954 2102 cum
968 2043 1018 2102 W.
1028 2041 1152 2104 Clarlu'o
1172 2043 1385 2126 (Conantem

345 2146 431 2228 pelli,
451 2149 505 2227 qui
518 2147 622 2225 sacili
643 2144 673 2205 h.
697 2139 840 2208 edocta
884 2145 927 2224 of
935 2147 1077 2214 Roman,
1093 2147 1206 2205 Saron
1217 2144 1383 2224 anclEng-

346 2264 379 2309 et
398 2251 498 2328 perita
519 2260 614 2308 manu
636 2264 791 2310 tractatur.
813 2273 842 2310 v.
884 2245 946 2324 listi
972 2249 1070 2306 Ceius
1102 2267 1173 2332 pag.
1192 2253 1274 2328 224)
1304 2253 1384 2310 acci·

347 2351 387 2410 ad
413 2349 506 2411 Ouid.
532 2353 597 2410 Art.
620 2351 651 2424 1,
677 2357 763 2416 160.-
790 2354 843 2413 Ti·
883 2370 959 2430 pere
988 2370 1055 2410 non
1080 2349 1171 2411 licet:
1210 2356 1253 2412 ite
1279 2357 1385 2413 vimen

345 2453 421 2514 buil.
439 2452 465 2520 1,
479 2459 510 2530 4,
527 2462 578 2531 40.
597 2487 641 2500 —
664 2459 733 2516 vitis
749 2455 843 2533 vestie
884 2451 1035 2526 hederae,
1084 2453 1226 2536 adeoque
1267 2454 1384 2516 hedera

347 2554 519 2637 corymbos
550 2553 686 2636 diffusos
719 2556 845 2618 hedera
886 2551 1051 2629 hederam,
1080 2555 1196 2616 ambire
1221 2559 1385 2622 diceretur.

342 2660 508 2744 pallente,
542 2659 674 2738 explicat
698 2658 728 2722 se
757 2660 844 2742 supro
885 2659 960 2718 Erat
979 2663 1013 2718 in
1035 2655 1081 2719 his
1103 2675 1175 2719 ante
1192 2661 1297 2722 oculor
1312 2662 1384 2722 Ma-

346 2763 510 2834 hederam,
532 2767 618 2823 cuius
633 2763 771 2848 corymbi
787 2765 844 2825 dif-
885 2765 956 2821 roni
980 2761 1067 2822 locus
1098 2759 1258 2823 Theocriti
1285 2763 1317 2836 1,
1341 2785 1384 2845 ²9

344 2865 401 2928 suh
420 2865 504 2935 sunt,
534 2885 665 2949 eamque
686 2869 766 2930 adeo
789 2873 844 2928 im.
884 2861 968 2946 qu.,
994 2883 1088 2945 quem
1110 2861 1140 2923 h.
1160 2865 1182 2924 1.
1204 2865 1387 2927 illustratum

345 2971 442 3053 plicat
464 2967 522 3027 suis
545 2969 713 3031 racemulis.
759 2971 846 3031 scilt-
886 2965 986 3026 dabo:
1013 2965 1061 3026 lbi
1085 2971 1119 3027 in
1136 2965 1267 3054 ciffybii,
1296 2971 1386 3053 quod

344 3088 395 3133 cer
417 3068 626 3154 anaglyphum
643 3089 710 3133 erat
723 3077 766 3133 ita
782 3074 845 3132 fac-
885 3073 983 3129 meina
1006 3089 1058 3131 var
1086 3087 1153 3132 erat
1180 3069 1385 3154 pastoritiom,

345 3189 423 3248 tum,
446 3189 488 3248 vt,
510 3174 666 3234 collocetis
687 3179 720 3234 in
738 3175 843 3236 medio
884 3168 1041 3254 superficie
1080 3189 1142 3234 tres
1173 3173 1241 3236 sunt
1273 3195 1386 3236 areae:
1439 3193 1447 3202 ·’

346 3279 479 3339 duorum
494 3275 654 3336 hominum
662 3273 844 3359 ignomin,
885 3297 1015 3359 quarum
1037 3279 1136 3358 primo
1157 3279 1318 3340 mulierem
1340 3278 1390 3339 se-

344 3379 477 3441 nmbiret
496 3383 563 3439 vitis
586 3376 721 3440 hederae
742 3381 844 3461 impli·
886 3379 1013 3440 dentem
1036 3379 1203 3441 interduo
1230 3395 1388 3442 amatores

263 3489 267 3498 '
344 3487 414 3543 cita.
467 3481 618 3561 Corymbi
640 3483 709 3543 sunt
730 3487 844 3544 racemi
886 3501 956 3541 cum
979 3480 1042 3562 ipsa
1064 3487 1213 3544 amatorie
1242 3481 1391 3565 expostu-
1446 3521 1447 3524 =

344 3585 480 3646 hederae
493 3584 646 3646 inorbem
659 3589 842 3661 circumacti,
885 3585 983 3645 lantes
997 3583 1131 3660 exhibet,
1142 3591 1173 3646 in
1182 3587 1278 3647 altera
1287 3587 1391 3668 pisca·
1412 3608 1428 3641 ο

342 3705 377 3749 vt
390 3689 469 3756 Plin.
488 3687 537 3760 16,
554 3691 614 3766 34,
637 3704 670 3749 et
690 3693 784 3749 acinis
807 3709 844 3749 ac
885 3701 936 3747 tor
949 3703 1015 3748 rete
1032 3685 1125 3749 trahit
1140 3694 1227 3763 meri,
1245 3695 1279 3750 in
1293 3695 1390 3752 tertie

342 3791 463 3865 baccis,
486 3797 540 3874 qui
560 3793 674 3853 fructus
695 3790 840 3866 hederae,
883 3794 974 3852 vinea
990 3787 1033 3852 est
1047 3813 1116 3851 cum
1131 3813 1232 3872 puero
1247 3787 1389 3853 custode.

344 3915 420 3979 quas
451 3917 524 3955 vuar
548 3911 678 3968 vocant,
721 3917 840 3980 graues.
883 3894 998 3954 Totum
1013 3895 1161 3976 poculum
1178 3893 1273 3955 ambit
1292 3915 1389 3956 acan·

282 3994 291 4020 Ι
343 3995 480 4057 Hedera
499 3999 578 4059 dicta
593 3991 741 4081 pellens,
770 4003 842 4082 quia
885 3993 953 4057 thus
976 3996 1105 4058 flexibus
1127 3997 1202 4058 suis:
1240 3996 1281 4058 ad
1306 3997 1389 4057 sum-

343 4121 442 4184 genus
463 4105 528 4162 eius
545 4102 616 4163 albo
639 4103 744 4163 colore
767 4121 842 4161 eon·
883 4121 966 4160 mam
994 4121 1081 4161 oram
1110 4097 1224 4161 hedera
1248 4115 1279 4162 et
1306 4097 1387 4161 heli-

333 4205 484 4286 ⁸spicitur;
531 4226 667 4289 namque
704 4203 747 4266 est
783 4205 842 4265 alia
884 4202 1005 4288 chrysos
1023 4202 1092 4264 sunt
1112 4205 1278 4286 implicitae
1299 4208 1387 4263 inter

344 4311 436 4391 nigro
457 4309 578 4383 colore,
608 4323 641 4368 et
668 4314 761 4394 nigro
789 4323 843 4368 out
884 4306 914 4366 se
942 4311 1056 4370 mutuis
1087 4307 1232 4370 nexibuat
1274 4327 1313 4366 ex
1335 4303 1385 4364 his
