2942 5067
359 387 408 466 ltu
568 386 610 462 P.
634 389 879 464 VIRGILII
909 383 1169 462 MtRoNIS

361 567 434 641 Hic
454 569 561 672 illum
582 575 659 648 vidi
679 580 873 665 iuuenem,
900 573 1106 664 Meliboee,
1137 574 1338 674 quotannis

362 703 422 773 Bis
443 701 549 780 senos
577 715 639 784 oui
665 709 786 783 nostra
814 709 893 784 dies
918 707 1047 781 alteria
1072 705 1228 782 sumant.

362 837 435 910 Hic
457 840 547 912 mihi
560 841 771 942 responsum
791 849 931 944 primus
953 840 1057 914 dedit
1076 841 1139 915 ilie
1155 844 1316 942 petenti:
1344 837 1390 924 45

363 969 520 1066 Pascite,
541 994 579 1050 vt
598 996 700 1067 ante,
723 977 853 1066 boues,
879 978 1004 1076 pueri;
1032 973 1232 1048 submittite
1255 992 1390 1048 tauros.

432 1175 467 1241 43
486 1184 651 1246 quotannis
673 1176 776 1232 diuifim
789 1177 956 1250 antiquiores.
972 1195 995 1228 v.
1009 1145 1075 1228 Pier.
1152 1175 1188 1241 45
1205 1175 1260 1226 stoc
1280 1175 1392 1246 reposuit

365 1257 473 1312 Wakei.
496 1276 521 1314 et
544 1259 645 1314 neceffe
661 1259 712 1316 effe
726 1265 764 1316 itt
774 1263 825 1335 legi
844 1260 1006 1337 pronuntiet.
1037 1268 1160 1332 primum
1172 1259 1292 1330 longob.
1306 1261 1391 1315 Pierii.

364 1343 400 1412 46
417 1363 518 1416 gregor
537 1348 646 1426 Meneg·
1069 1385 1070 1388 κ

364 1493 479 1569 ficium,
501 1497 574 1559 aiibi
589 1505 719 1582 experiri
733 1499 860 1584 possem.
903 1497 976 1562 hine
990 1493 1063 1558 iussu
1079 1497 1238 1558 dicuntur:
1259 1515 1321 1560 nec
1335 1511 1396 1558 tam

365 1599 418 1674 43.
433 1599 623 1664 Hacinvrbe
636 1604 745 1664 herum
758 1625 862 1666 meum
903 1599 1074 1684 magnifice,
1091 1619 1183 1682 quem
1195 1600 1277 1680 apud
1286 1600 1395 1668 Horit.

365 1699 448 1773 vidi,
479 1717 543 1764 tutu
564 1705 742 1767 munificum
764 1723 796 1767 et
818 1707 862 1768 le·
904 1705 940 1766 C.
962 1705 991 1766 S.
1012 1703 1053 1766 55
1090 1703 1161 1761 Iam
1185 1701 1325 1782 Scythae
1349 1722 1397 1760 re-

366 1820 453 1874 nem,
473 1821 593 1877 vteum
609 1810 743 1889 prodeo
759 1810 862 1871 colere
893 1805 1021 1888 sponsa
1043 1817 1185 1884 petunt:
1229 1801 1281 1864 sed
1301 1792 1397 1884 simpl.

365 1903 567 1974 decreuerim.
600 1911 675 1975 Non
692 1916 776 1973 enim
790 1917 862 1972 'eum
902 1907 1061 1988 respondit
1100 1909 1237 1988 petenti,
1280 1909 1403 1999 ⁸1²ssss

367 2004 522 2070 diuersum
556 2013 659 2074 secere
692 2015 814 2075 videtur
845 2033 863 2073 e
906 2009 1093 2070 Submittite
1123 2023 1245 2066 tauros.
1304 2007 1397 2069 Varie

367 2111 493 2173 iuuene.
550 2114 643 2176 Dicte
684 2115 761 2178 haec
802 2109 862 2178 esse
903 2117 1086 2193 interpretes
1117 2123 1286 2192 exponunt.
1330 2110 1398 2170 Ser-

367 2211 509 2290 respectu
531 2217 570 2277 ed
592 2218 750 2281 Caesarem
771 2219 863 2278 Octu-
904 2217 970 2274 vius
984 2233 1053 2274 cum
1072 2211 1152 2272 eliis:
1181 2215 1254 2294 iugo
1274 2209 1400 2273 submit-

368 2316 493 2375 vieuum
514 2316 639 2394 habito,
663 2319 795 2381 dubitari
815 2323 865 2381 vix
906 2331 972 2376 tere
986 2314 1025 2374 ed
1039 2313 1204 2374 urendum:
1223 2328 1321 2388 recte,
1336 2334 1402 2376 mo-

368 2413 479 2496 potest.
542 2422 610 2482 Nee
654 2438 759 2483 temen
797 2421 865 2482 suut
908 2417 950 2480 do
971 2417 1060 2495 iugo,
1082 2431 1198 2476 aratro
1204 2458 1216 2490 ,
1237 2430 1291 2475 eut
1304 2414 1400 2477 simile

369 2521 502 2580 nimium
519 2525 673 2606 urgenda:
694 2526 809 2606 alioqui
820 2525 865 2584 di·
908 2519 983 2604 quid
1010 2519 1187 2601 ediunctum
1213 2513 1304 2588 ess'et3
1349 2516 1402 2580 etsi

369 2620 503 2682 cendum
530 2623 622 2701 esset,
658 2629 866 2687 Octauianum
907 2623 957 2683 vel
977 2618 1018 2682 sic
1045 2641 1064 2680 e
1089 2617 1245 2702 pastorum
1270 2619 1403 2701 persone

368 2719 567 2803 possessiones
586 2733 621 2787 iu
635 2749 709 2812 egro
721 2731 866 2790 Mantua·
907 2725 1040 2785 alienum
1063 2723 1154 2784 soret.
1206 2721 1405 2784 submittere

368 2843 414 2886 110
433 2824 581 2898 habuisse,
599 2833 634 2890 in
657 2852 721 2913 quo
742 2833 865 2914 Tityrus
908 2824 950 2888 est
968 2827 1049 2887 alere
1063 2826 1102 2886 ed
1118 2845 1241 2909 gregem
1257 2825 1405 2908 suppleu-

368 2925 453 2990 effet.
496 2932 533 2992 Ei
556 2931 586 2992 se
607 2931 766 2995 menſtruis
780 2933 866 2994 sacris
908 2930 1000 3000 dum;
1028 2949 1101 2989 nam
1115 2925 1344 3012 subiunguntur
1357 2949 1406 2990 re·

368 3031 460 3093 litere
480 3034 560 3096 velle
582 3037 633 3095 eit.
660 3035 698 3095 ci.
728 3057 756 3096 v.
783 3057 813 3117 7.
836 3037 866 3100 8.
907 3033 997 3116 liquis
1015 3046 1047 3092 et
1068 3045 1272 3115 aggregentur
1291 3036 1318 3092 ii
1341 3047 1407 3092 teu-

371 3135 506 3203 fumant
573 3155 632 3216 pro
692 3136 865 3200 sumebunt.
908 3138 954 3204 ri,
991 3132 1102 3216 quibus
1135 3153 1208 3217 grex
1238 3132 1408 3215 suppletur.

369 3237 423 3313 45.
450 3237 525 3310 Hic,
549 3259 620 3297 cum
632 3237 752 3299 Romae
774 3237 866 3300 essem
909 3237 968 3298 Ge.
976 3236 1030 3310 111,
1041 3239 1083 3316 73
1097 3255 1179 3318 quor
1191 3233 1408 3316 iuspernsia-

370 3336 532 3419 ipsumque
569 3337 678 3400 herum
718 3337 865 3417 adtiss'em,
910 3335 1184 3417 tuessrtbmittere
1195 3338 1408 3416 gememus.

368 3441 505 3519 primum
519 3440 575 3500 tuli
588 3440 765 3521 responsum
779 3444 867 3519 illud,
913 3444 982 3522 159.
998 3463 1026 3504 v.
1039 3441 1142 3500 Burin.
1160 3438 1190 3498 h.
1211 3439 1231 3500 L
1254 3437 1350 3500 Gesrr.
1374 3445 1410 3500 iu

371 3537 403 3603 h.
422 3539 549 3602 facultas
562 3541 653 3604 nobit
673 3543 746 3605 dete
760 3543 813 3619 esi,
834 3561 868 3606 vt
907 3541 997 3604 Thes.
1026 3541 1224 3603 Submitcere
1244 3543 1331 3602 euim
1347 3537 1409 3603 effe

371 3660 431 3703 not
446 3648 536 3724 pueri
542 3686 554 3717 ,
574 3664 698 3720 vernae,
720 3647 809 3719 serui,
831 3648 869 3708 li·
908 3649 1031 3708 mittere
1064 3648 1099 3706 in
1133 3644 1268 3704 ulterius¹
1287 3641 1409 3715 locum,

371 3741 448 3806 bere
478 3744 669 3827 pasceremus
701 3763 734 3808 et
764 3763 867 3812 teurot
909 3749 1067 3831 supplere,
1088 3745 1292 3808 dubitandum
1312 3746 1410 3828 plene

369 3845 626 3910 submitteremue.
668 3851 772 3926 ,Color
790 3849 870 3914 fimi·
910 3871 978 3914 nou
1010 3847 1061 3912 est.
1112 3849 1164 3910 Au
1194 3848 1310 3908 dictum
1349 3845 1411 3909 effe

323 4008 327 4016 ,
369 3947 570 4030 liecerminie
591 3951 759 4034 Agathiue:
788 3955 870 4016 Anu·
909 3949 1001 4036 poffit
1025 3973 1102 4034 pro:
1143 3967 1259 4012 tauros
1284 3947 1412 4010 adnate-

369 4051 597 4116 lect·Brunck.
622 4053 682 4116 To.
697 4057 752 4128 111,
777 4079 809 4139 p.
817 4062 868 4137 46.
911 4071 990 4131 tere,
1010 4047 1151 4117 dubitare
1164 4055 1245 4116 licet.
1277 4055 1413 4116 Femina

372 4155 536 4217 XXXVII.
586 4157 784 4239 Responsum
804 4181 871 4222 non
910 4157 1104 4235 submittitur,
1119 4177 1186 4220 non
1200 4173 1304 4218 taurus
1319 4155 1412 4232 boui,

374 4275 461 4320 nune
478 4278 518 4321 eo
536 4257 631 4334 seusu,
661 4281 724 4345 quo
746 4263 871 4325 oracula
910 4259 1154 4341 vtsubmtuere
1176 4279 1277 4346 equas
1292 4259 1413 4322 Pelled.
