<?xml version="1.0" encoding="UTF-8"?>
<!DOCTYPE html PUBLIC "-//W3C//DTD XHTML 1.0 Transitional//EN"
    "http://www.w3.org/TR/xhtml1/DTD/xhtml1-transitional.dtd">
<html xmlns="http://www.w3.org/1999/xhtml" xml:lang="en" lang="en">
 <head>
  <title>
</title>
<meta http-equiv="Content-Type" content="text/html;charset=utf-8" />
  <meta name='ocr-system' content='tesseract 3.04.00' />
  <meta name='ocr-capabilities' content='ocr_page ocr_carea ocr_par ocr_line ocrx_word'/>
</head>
<body>
  <div class='ocr_page' id='page_1' title='image "./varietatelectio00heyngoog_0052.png"; bbox 0 0 2942 5067; ppageno 0'>
   <div class='ocr_carea' id='block_1_1' title="bbox 376 418 1088 495">
    <p class='ocr_par' dir='ltr' id='par_1_1' title="bbox 376 418 1088 495">
     <span class='ocr_line' id='line_1_1' title="bbox 376 418 1088 495; baseline 0.011 -8"><span class='ocrx_word' id='word_1_1' title='bbox 376 438 480 488; x_wconf 61' lang='grc' dir='ltr'>κων</span> <span class='ocrx_word' id='word_1_2' title='bbox 591 422 598 469; x_wconf 89' lang='lat'><em>:</em></span> <span class='ocrx_word' id='word_1_3' title='bbox 692 418 1088 495; x_wconf 81' lang='lat' dir='ltr'><strong>PRAEFATIO</strong></span> 
     </span>
    </p>
   </div>
   <div class='ocr_carea' id='block_1_2' title="bbox 266 579 1415 4381">
    <p class='ocr_par' dir='ltr' id='par_1_2' title="bbox 266 579 1414 1515">
     <span class='ocr_line' id='line_1_2' title="bbox 377 579 1411 723; baseline 0.004 -27"><span class='ocrx_word' id='word_1_4' title='bbox 377 646 454 723; x_wconf 89' lang='lat' dir='ltr'>que</span> <span class='ocrx_word' id='word_1_5' title='bbox 475 616 519 696; x_wconf 87' lang='lat' dir='ltr'>stt</span> <span class='ocrx_word' id='word_1_6' title='bbox 537 641 642 698; x_wconf 85' lang='lat' dir='ltr'>recte</span> <span class='ocrx_word' id='word_1_7' title='bbox 662 627 847 723; x_wconf 69' lang='lat' dir='ltr'>cogitare,</span> <span class='ocrx_word' id='word_1_8' title='bbox 887 624 1050 699; x_wconf 76' lang='lat' dir='ltr'>recitate</span> <span class='ocrx_word' id='word_1_9' title='bbox 1072 634 1119 702; x_wconf 85' lang='lat' dir='ltr'>et&#39;.</span> <span class='ocrx_word' id='word_1_10' title='bbox 1142 579 1319 718; x_wconf 62' lang='lat' dir='ltr'>sertitem</span> <span class='ocrx_word' id='word_1_11' title='bbox 1357 624 1411 699; x_wconf 88' lang='lat' dir='ltr'>di·</span> 
     </span>
     <span class='ocr_line' id='line_1_3' title="bbox 378 754 1413 861; baseline 0.002 -30"><span class='ocrx_word' id='word_1_12' title='bbox 378 754 523 832; x_wconf 88' lang='lat' dir='ltr'>stinctio</span> <span class='ocrx_word' id='word_1_13' title='bbox 558 762 660 833; x_wconf 82' lang='lat' dir='ltr'>enim</span> <span class='ocrx_word' id='word_1_14' title='bbox 694 757 788 832; x_wconf 84' lang='lat' dir='ltr'>iusta</span> <span class='ocrx_word' id='word_1_15' title='bbox 819 762 1011 861; x_wconf 84' lang='lat' dir='ltr'>interponi</span> <span class='ocrx_word' id='word_1_16' title='bbox 1045 777 1127 833; x_wconf 90' lang='lat' dir='ltr'>non</span> <span class='ocrx_word' id='word_1_17' title='bbox 1163 758 1302 861; x_wconf 81' lang='lat' dir='ltr'>potest,</span> <span class='ocrx_word' id='word_1_18' title='bbox 1346 758 1413 833; x_wconf 85' lang='lat' dir='ltr'>nist</span> 
     </span>
     <span class='ocr_line' id='line_1_4' title="bbox 376 892 1413 996; baseline -0.002 -25"><span class='ocrx_word' id='word_1_19' title='bbox 376 898 636 971; x_wconf 77' lang='lat' dir='ltr'>enuntiatione</span> <span class='ocrx_word' id='word_1_20' title='bbox 658 897 700 969; x_wconf 89' lang='lat' dir='ltr'>in</span> <span class='ocrx_word' id='word_1_21' title='bbox 720 910 846 996; x_wconf 83' lang='lat' dir='ltr'>partes</span> <span class='ocrx_word' id='word_1_22' title='bbox 870 892 950 970; x_wconf 81' lang='lat' dir='ltr'>suae</span> <span class='ocrx_word' id='word_1_23' title='bbox 972 898 1045 971; x_wconf 86' lang='lat' dir='ltr'>rite</span> <span class='ocrx_word' id='word_1_24' title='bbox 1069 892 1247 986; x_wconf 69' lang='lat' dir='ltr'>resoluta,</span> <span class='ocrx_word' id='word_1_25' title='bbox 1283 892 1413 971; x_wconf 82' lang='lat' dir='ltr'>finon</span> 
     </span>
     <span class='ocr_line' id='line_1_5' title="bbox 377 1028 1413 1131; baseline -0.003 -22"><span class='ocrx_word' id='word_1_26' title='bbox 377 1032 550 1123; x_wconf 81' lang='lat' dir='ltr'>casamo,</span> <span class='ocrx_word' id='word_1_27' title='bbox 576 1028 704 1105; x_wconf 88' lang='lat' dir='ltr'>saltem</span> <span class='ocrx_word' id='word_1_28' title='bbox 719 1048 850 1105; x_wconf 82' lang='lat' dir='ltr'>mente</span> <span class='ocrx_word' id='word_1_29' title='bbox 870 1044 911 1105; x_wconf 87' lang='lat' dir='ltr'>et</span> <span class='ocrx_word' id='word_1_30' title='bbox 924 1035 1070 1107; x_wconf 84' lang='lat' dir='ltr'>animo.</span> <span class='ocrx_word' id='word_1_31' title='bbox 1119 1030 1180 1105; x_wconf 82' lang='lat' dir='ltr'>Ad</span> <span class='ocrx_word' id='word_1_32' title='bbox 1199 1036 1413 1131; x_wconf 84' lang='lat' dir='ltr'>interpunc-</span> 
     </span>
     <span class='ocr_line' id='line_1_6' title="bbox 374 1136 1414 1278; baseline -0.001 -34"><span class='ocrx_word' id='word_1_33' title='bbox 374 1174 519 1244; x_wconf 79' lang='lat' dir='ltr'>tionem</span> <span class='ocrx_word' id='word_1_34' title='bbox 542 1170 671 1267; x_wconf 85' lang='lat' dir='ltr'>itaque</span> <span class='ocrx_word' id='word_1_35' title='bbox 689 1170 853 1269; x_wconf 87' lang='lat' dir='ltr'>primum</span> <span class='ocrx_word' id='word_1_36' title='bbox 875 1168 917 1239; x_wconf 91' lang='lat' dir='ltr'>in</span> <span class='ocrx_word' id='word_1_37' title='bbox 939 1165 1058 1243; x_wconf 86' lang='lat' dir='ltr'>altera</span> <span class='ocrx_word' id='word_1_38' title='bbox 1070 1136 1227 1278; x_wconf 34' lang='lat' dir='ltr'>&#39;minore</span> <span class='ocrx_word' id='word_1_39' title='bbox 1247 1166 1414 1243; x_wconf 86' lang='lat' dir='ltr'>editione</span> 
     </span>
     <span class='ocr_line' id='line_1_7' title="bbox 266 1292 1412 1405; baseline -0.003 -24"><span class='ocrx_word' id='word_1_40' title='bbox 266 1368 272 1381; x_wconf 94' lang='lat'>.</span> <span class='ocrx_word' id='word_1_41' title='bbox 376 1307 559 1378; x_wconf 86' lang='lat' dir='ltr'>maiorem</span> <span class='ocrx_word' id='word_1_42' title='bbox 585 1326 714 1375; x_wconf 89' lang='lat' dir='ltr'>curam</span> <span class='ocrx_word' id='word_1_43' title='bbox 744 1299 1005 1395; x_wconf 82' lang='lat' dir='ltr'>adhibueram,</span> <span class='ocrx_word' id='word_1_44' title='bbox 1053 1322 1136 1377; x_wconf 89' lang='lat' dir='ltr'>tum</span> <span class='ocrx_word' id='word_1_45' title='bbox 1157 1292 1412 1405; x_wconf 75' lang='lat' dir='ltr'>multomagis</span> 
     </span>
     <span class='ocr_line' id='line_1_8' title="bbox 374 1434 1004 1515; baseline -0.008 0"><span class='ocrx_word' id='word_1_46' title='bbox 374 1444 417 1515; x_wconf 92' lang='lat' dir='ltr'>in</span> <span class='ocrx_word' id='word_1_47' title='bbox 436 1438 509 1513; x_wconf 92' lang='lat' dir='ltr'>hac</span> <span class='ocrx_word' id='word_1_48' title='bbox 530 1440 641 1511; x_wconf 86' lang='lat' dir='ltr'>tertia</span> <span class='ocrx_word' id='word_1_49' title='bbox 666 1434 846 1511; x_wconf 85' lang='lat' dir='ltr'>adhibere</span> <span class='ocrx_word' id='word_1_50' title='bbox 867 1434 1004 1511; x_wconf 85' lang='lat' dir='ltr'>studui.</span> 
     </span>
    </p>

    <p class='ocr_par' dir='ltr' id='par_1_3' title="bbox 360 1570 1415 4381">
     <span class='ocr_line' id='line_1_9' title="bbox 460 1570 1413 1675; baseline 0.001 -27"><span class='ocrx_word' id='word_1_51' title='bbox 460 1576 505 1648; x_wconf 91' lang='lat' dir='ltr'>ln</span> <span class='ocrx_word' id='word_1_52' title='bbox 524 1570 691 1647; x_wconf 87' lang='lat' dir='ltr'>lectione</span> <span class='ocrx_word' id='word_1_53' title='bbox 718 1572 900 1646; x_wconf 83' lang='lat' dir='ltr'>mutanda</span> <span class='ocrx_word' id='word_1_54' title='bbox 927 1597 1033 1648; x_wconf 88' lang='lat' dir='ltr'>nuno</span> <span class='ocrx_word' id='word_1_55' title='bbox 1060 1570 1189 1675; x_wconf 75' lang='lat' dir='ltr'>paullo</span> <span class='ocrx_word' id='word_1_56' title='bbox 1218 1573 1304 1675; x_wconf 82' lang='lat' dir='ltr'>plus</span> <span class='ocrx_word' id='word_1_57' title='bbox 1324 1574 1413 1648; x_wconf 86' lang='lat' dir='ltr'>mihi</span> 
     </span>
     <span class='ocr_line' id='line_1_10' title="bbox 374 1706 1414 1809; baseline -0.004 -23"><span class='ocrx_word' id='word_1_58' title='bbox 374 1706 528 1799; x_wconf 85' lang='lat' dir='ltr'>indulfi,</span> <span class='ocrx_word' id='word_1_59' title='bbox 567 1732 680 1809; x_wconf 85' lang='lat' dir='ltr'>quam</span> <span class='ocrx_word' id='word_1_60' title='bbox 702 1712 745 1781; x_wconf 90' lang='lat' dir='ltr'>in</span> <span class='ocrx_word' id='word_1_61' title='bbox 766 1706 853 1781; x_wconf 88' lang='lat' dir='ltr'>edd.</span> <span class='ocrx_word' id='word_1_62' title='bbox 873 1708 1079 1808; x_wconf 77' lang='lat' dir='ltr'>prioribus3</span> <span class='ocrx_word' id='word_1_63' title='bbox 1118 1706 1268 1783; x_wconf 87' lang='lat' dir='ltr'>srenum</span> <span class='ocrx_word' id='word_1_64' title='bbox 1291 1728 1414 1785; x_wconf 87' lang='lat' dir='ltr'>tamen</span> 
     </span>
     <span class='ocr_line' id='line_1_11' title="bbox 378 1820 1415 1946; baseline -0.004 -23"><span class='ocrx_word' id='word_1_65' title='bbox 378 1864 417 1923; x_wconf 81' lang='lat' dir='ltr'>et</span> <span class='ocrx_word' id='word_1_66' title='bbox 435 1846 498 1921; x_wconf 87' lang='lat' dir='ltr'>hic</span> <span class='ocrx_word' id='word_1_67' title='bbox 521 1820 634 1917; x_wconf 79' lang='lat' dir='ltr'>inieci</span> <span class='ocrx_word' id='word_1_68' title='bbox 653 1846 811 1945; x_wconf 86' lang='lat' dir='ltr'>impetui</span> <span class='ocrx_word' id='word_1_69' title='bbox 842 1841 1050 1917; x_wconf 84' lang='lat' dir='ltr'>rationibus</span> <span class='ocrx_word' id='word_1_70' title='bbox 1081 1847 1192 1918; x_wconf 80' lang='lat' dir='ltr'>certis</span> <span class='ocrx_word' id='word_1_71' title='bbox 1214 1845 1317 1946; x_wconf 66' lang='lat' dir='ltr'>apud</span> <span class='ocrx_word' id='word_1_72' title='bbox 1339 1851 1415 1919; x_wconf 87' lang='lat' dir='ltr'>ani-</span> 
     </span>
     <span class='ocr_line' id='line_1_12' title="bbox 375 1972 1413 2083; baseline -0.002 -25"><span class='ocrx_word' id='word_1_73' title='bbox 375 2006 481 2059; x_wconf 90' lang='lat' dir='ltr'>mum</span> <span class='ocrx_word' id='word_1_74' title='bbox 502 1974 712 2081; x_wconf 84' lang='lat' dir='ltr'>propofitis.</span> <span class='ocrx_word' id='word_1_75' title='bbox 784 1972 939 2051; x_wconf 85' lang='lat' dir='ltr'>Possunt</span> <span class='ocrx_word' id='word_1_76' title='bbox 964 1981 1163 2053; x_wconf 86' lang='lat' dir='ltr'>innumera</span> <span class='ocrx_word' id='word_1_77' title='bbox 1183 2002 1271 2053; x_wconf 90' lang='lat' dir='ltr'>cum</span> <span class='ocrx_word' id='word_1_78' title='bbox 1295 1978 1413 2083; x_wconf 81' lang='lat' dir='ltr'>specie</span> 
     </span>
     <span class='ocr_line' id='line_1_13' title="bbox 377 2116 1413 2218; baseline -0.002 -28"><span class='ocrx_word' id='word_1_79' title='bbox 377 2120 503 2218; x_wconf 84' lang='lat' dir='ltr'>aliqua</span> <span class='ocrx_word' id='word_1_80' title='bbox 524 2116 679 2205; x_wconf 79' lang='lat' dir='ltr'>mutati,</span> <span class='ocrx_word' id='word_1_81' title='bbox 735 2136 858 2213; x_wconf 82' lang='lat' dir='ltr'>pauca</span> <span class='ocrx_word' id='word_1_82' title='bbox 885 2137 974 2187; x_wconf 89' lang='lat' dir='ltr'>cum</span> <span class='ocrx_word' id='word_1_83' title='bbox 1001 2117 1164 2204; x_wconf 84' lang='lat' dir='ltr'>ratione,</span> <span class='ocrx_word' id='word_1_84' title='bbox 1214 2140 1314 2217; x_wconf 85' lang='lat' dir='ltr'>quae</span> <span class='ocrx_word' id='word_1_85' title='bbox 1338 2120 1413 2189; x_wconf 80' lang='lat' dir='ltr'>vin-</span> 
     </span>
     <span class='ocr_line' id='line_1_14' title="bbox 377 2242 1413 2349; baseline -0.001 -23"><span class='ocrx_word' id='word_1_86' title='bbox 377 2272 457 2343; x_wconf 87' lang='lat' dir='ltr'>oat,</span> <span class='ocrx_word' id='word_1_87' title='bbox 482 2255 536 2323; x_wconf 84' lang='lat' dir='ltr'>ita</span> <span class='ocrx_word' id='word_1_88' title='bbox 557 2246 733 2349; x_wconf 86' lang='lat' dir='ltr'>scripturn</span> <span class='ocrx_word' id='word_1_89' title='bbox 753 2242 878 2322; x_wconf 86' lang='lat' dir='ltr'>fuisse:</span> <span class='ocrx_word' id='word_1_90' title='bbox 896 2267 989 2323; x_wconf 67' lang='lat' dir='ltr'>‘nec</span> <span class='ocrx_word' id='word_1_91' title='bbox 1000 2266 1145 2340; x_wconf 90' lang='lat' dir='ltr'>tamen,</span> <span class='ocrx_word' id='word_1_92' title='bbox 1170 2246 1301 2325; x_wconf 83' lang='lat' dir='ltr'>fiacre</span> <span class='ocrx_word' id='word_1_93' title='bbox 1320 2252 1413 2325; x_wconf 90' lang='lat' dir='ltr'>iudi·</span> 
     </span>
     <span class='ocr_line' id='line_1_15' title="bbox 360 2372 1415 2485; baseline 0.001 -25"><span class='ocrx_word' id='word_1_94' title='bbox 360 2372 362 2377; x_wconf 39' lang='lat'>¹</span> <span class='ocrx_word' id='word_1_95' title='bbox 378 2394 480 2483; x_wconf 76' lang='lat' dir='ltr'>cium</span> <span class='ocrx_word' id='word_1_96' title='bbox 504 2382 699 2473; x_wconf 85' lang='lat' dir='ltr'>adhibeas,</span> <span class='ocrx_word' id='word_1_97' title='bbox 736 2382 809 2455; x_wconf 83' lang='lat' dir='ltr'>alia</span> <span class='ocrx_word' id='word_1_98' title='bbox 822 2388 863 2460; x_wconf 88' lang='lat' dir='ltr'>in</span> <span class='ocrx_word' id='word_1_99' title='bbox 879 2400 1099 2458; x_wconf 88' lang='lat' dir='ltr'>contextum</span> <span class='ocrx_word' id='word_1_100' title='bbox 1114 2385 1329 2485; x_wconf 82' lang='lat' dir='ltr'>recipienda</span> <span class='ocrx_word' id='word_1_101' title='bbox 1345 2384 1415 2462; x_wconf 86' lang='lat' dir='ltr'>essa</span> 
     </span>
     <span class='ocr_line' id='line_1_16' title="bbox 375 2515 1412 2621; baseline -0.003 -23"><span class='ocrx_word' id='word_1_102' title='bbox 375 2518 569 2597; x_wconf 86' lang='lat' dir='ltr'>iudicabit.</span> <span class='ocrx_word' id='word_1_103' title='bbox 628 2515 795 2590; x_wconf 89' lang='lat' dir='ltr'>Plurima</span> <span class='ocrx_word' id='word_1_104' title='bbox 823 2522 865 2590; x_wconf 90' lang='lat' dir='ltr'>in</span> <span class='ocrx_word' id='word_1_105' title='bbox 895 2516 969 2594; x_wconf 86' lang='lat' dir='ltr'>hac</span> <span class='ocrx_word' id='word_1_106' title='bbox 1000 2523 1147 2594; x_wconf 79' lang='lat' dir='ltr'>critices</span> <span class='ocrx_word' id='word_1_107' title='bbox 1183 2538 1292 2621; x_wconf 86' lang='lat' dir='ltr'>parte</span> <span class='ocrx_word' id='word_1_108' title='bbox 1322 2520 1412 2614; x_wconf 86' lang='lat' dir='ltr'>sunt,</span> 
     </span>
     <span class='ocr_line' id='line_1_17' title="bbox 377 2651 1413 2763; baseline 0 -32"><span class='ocrx_word' id='word_1_109' title='bbox 377 2682 476 2763; x_wconf 87' lang='lat' dir='ltr'>quae</span> <span class='ocrx_word' id='word_1_110' title='bbox 498 2654 548 2729; x_wconf 87' lang='lat' dir='ltr'>ad</span> <span class='ocrx_word' id='word_1_111' title='bbox 568 2656 710 2754; x_wconf 79' lang='lat' dir='ltr'>ingenii</span> <span class='ocrx_word' id='word_1_112' title='bbox 729 2651 850 2727; x_wconf 91' lang='lat' dir='ltr'>lusum</span> <span class='ocrx_word' id='word_1_113' title='bbox 868 2678 1051 2731; x_wconf 77' lang='lat' dir='ltr'>reuocare</span> <span class='ocrx_word' id='word_1_114' title='bbox 1073 2653 1193 2745; x_wconf 66' lang='lat' dir='ltr'>solem</span> <span class='ocrx_word' id='word_1_115' title='bbox 1231 2660 1272 2729; x_wconf 90' lang='lat' dir='ltr'>in</span> <span class='ocrx_word' id='word_1_116' title='bbox 1286 2658 1413 2759; x_wconf 80' lang='lat' dir='ltr'>pleris-</span> 
     </span>
     <span class='ocr_line' id='line_1_18' title="bbox 377 2786 1412 2896; baseline -0.002 -28"><span class='ocrx_word' id='word_1_117' title='bbox 377 2820 453 2896; x_wconf 88' lang='lat' dir='ltr'>que</span> <span class='ocrx_word' id='word_1_118' title='bbox 483 2814 534 2865; x_wconf 91' lang='lat' dir='ltr'>ne</span> <span class='ocrx_word' id='word_1_119' title='bbox 568 2788 723 2891; x_wconf 87' lang='lat' dir='ltr'>quidem</span> <span class='ocrx_word' id='word_1_120' title='bbox 750 2786 984 2891; x_wconf 78' lang='lat' dir='ltr'>ingeniosum</span> <span class='ocrx_word' id='word_1_121' title='bbox 1010 2787 1114 2864; x_wconf 76' lang='lat' dir='ltr'>¹satis.</span> <span class='ocrx_word' id='word_1_122' title='bbox 1178 2794 1295 2883; x_wconf 84' lang='lat' dir='ltr'>Nam,</span> <span class='ocrx_word' id='word_1_123' title='bbox 1328 2818 1412 2869; x_wconf 84' lang='lat' dir='ltr'>curn</span> 
     </span>
     <span class='ocr_line' id='line_1_19' title="bbox 376 2925 1413 3031; baseline -0.003 -27"><span class='ocrx_word' id='word_1_124' title='bbox 376 2928 446 3005; x_wconf 84' lang='lat' dir='ltr'>sint</span> <span class='ocrx_word' id='word_1_125' title='bbox 466 2930 680 3019; x_wconf 88' lang='lat' dir='ltr'>innumera,</span> <span class='ocrx_word' id='word_1_126' title='bbox 702 2927 869 3027; x_wconf 85' lang='lat' dir='ltr'>inprimis</span> <span class='ocrx_word' id='word_1_127' title='bbox 889 2928 931 2997; x_wconf 86' lang='lat' dir='ltr'>in</span> <span class='ocrx_word' id='word_1_128' title='bbox 952 2928 1103 3024; x_wconf 79' lang='lat' dir='ltr'>poetis,</span> <span class='ocrx_word' id='word_1_129' title='bbox 1121 2929 1164 2999; x_wconf 92' lang='lat' dir='ltr'>in</span> <span class='ocrx_word' id='word_1_130' title='bbox 1180 2925 1316 3026; x_wconf 76' lang='lat' dir='ltr'>quibua</span> <span class='ocrx_word' id='word_1_131' title='bbox 1332 2951 1413 3031; x_wconf 85' lang='lat' dir='ltr'>pet·</span> 
     </span>
     <span class='ocr_line' id='line_1_20' title="bbox 373 3058 1412 3167; baseline 0 -29"><span class='ocrx_word' id='word_1_132' title='bbox 373 3084 490 3167; x_wconf 87' lang='lat' dir='ltr'>petua</span> <span class='ocrx_word' id='word_1_133' title='bbox 510 3058 583 3135; x_wconf 87' lang='lat' dir='ltr'>esse</span> <span class='ocrx_word' id='word_1_134' title='bbox 603 3058 718 3135; x_wconf 83' lang='lat' dir='ltr'>soleat</span> <span class='ocrx_word' id='word_1_135' title='bbox 738 3061 939 3162; x_wconf 83' lang='lat' dir='ltr'>scripturae</span> <span class='ocrx_word' id='word_1_136' title='bbox 957 3062 1133 3152; x_wconf 80' lang='lat' dir='ltr'>varietas,</span> <span class='ocrx_word' id='word_1_137' title='bbox 1165 3080 1205 3135; x_wconf 86' lang='lat' dir='ltr'>vt</span> <span class='ocrx_word' id='word_1_138' title='bbox 1223 3060 1341 3138; x_wconf 87' lang='lat' dir='ltr'>sensui</span> <span class='ocrx_word' id='word_1_139' title='bbox 1360 3084 1412 3137; x_wconf 87' lang='lat' dir='ltr'>ta-</span> 
     </span>
     <span class='ocr_line' id='line_1_21' title="bbox 374 3190 1412 3301; baseline 0 -27"><span class='ocrx_word' id='word_1_140' title='bbox 374 3224 464 3274; x_wconf 86' lang='lat' dir='ltr'>men</span> <span class='ocrx_word' id='word_1_141' title='bbox 487 3222 621 3300; x_wconf 83' lang='lat' dir='ltr'>parunt</span> <span class='ocrx_word' id='word_1_142' title='bbox 643 3195 733 3271; x_wconf 90' lang='lat' dir='ltr'>inde</span> <span class='ocrx_word' id='word_1_143' title='bbox 757 3193 820 3272; x_wconf 87' lang='lat' dir='ltr'>seu</span> <span class='ocrx_word' id='word_1_144' title='bbox 844 3190 1005 3268; x_wconf 88' lang='lat' dir='ltr'>decedat</span> <span class='ocrx_word' id='word_1_145' title='bbox 1027 3192 1091 3269; x_wconf 88' lang='lat' dir='ltr'>seu</span> <span class='ocrx_word' id='word_1_146' title='bbox 1113 3196 1287 3289; x_wconf 85' lang='lat' dir='ltr'>accedat,</span> <span class='ocrx_word' id='word_1_147' title='bbox 1316 3224 1412 3301; x_wconf 83' lang='lat' dir='ltr'>quae</span> 
     </span>
     <span class='ocr_line' id='line_1_22' title="bbox 374 3324 1412 3433; baseline 0 -26"><span class='ocrx_word' id='word_1_148' title='bbox 374 3330 528 3407; x_wconf 87' lang='lat' dir='ltr'>tandem</span> <span class='ocrx_word' id='word_1_149' title='bbox 548 3330 629 3405; x_wconf 81' lang='lat' dir='ltr'>laus</span> <span class='ocrx_word' id='word_1_150' title='bbox 652 3328 717 3404; x_wconf 86' lang='lat' dir='ltr'>illa</span> <span class='ocrx_word' id='word_1_151' title='bbox 740 3327 814 3405; x_wconf 86' lang='lat' dir='ltr'>esse</span> <span class='ocrx_word' id='word_1_152' title='bbox 836 3324 977 3431; x_wconf 89' lang='lat' dir='ltr'>potest,</span> <span class='ocrx_word' id='word_1_153' title='bbox 1009 3348 1049 3402; x_wconf 83' lang='lat' dir='ltr'>rt</span> <span class='ocrx_word' id='word_1_154' title='bbox 1070 3328 1210 3433; x_wconf 77' lang='lat' dir='ltr'>ubique</span> <span class='ocrx_word' id='word_1_155' title='bbox 1231 3332 1338 3408; x_wconf 85' lang='lat' dir='ltr'>nullo</span> <span class='ocrx_word' id='word_1_156' title='bbox 1364 3332 1412 3407; x_wconf 84' lang='lat' dir='ltr'>ad</span> 
     </span>
     <span class='ocr_line' id='line_1_23' title="bbox 375 3462 1410 3570; baseline -0.002 -27"><span class='ocrx_word' id='word_1_157' title='bbox 375 3466 590 3570; x_wconf 77' lang='lat' dir='ltr'>scriptorem</span> <span class='ocrx_word' id='word_1_158' title='bbox 607 3462 749 3539; x_wconf 71' lang='lat' dir='ltr'>&#39;fructu</span> <span class='ocrx_word' id='word_1_159' title='bbox 781 3490 851 3566; x_wconf 85' lang='lat' dir='ltr'>pro</span> <span class='ocrx_word' id='word_1_160' title='bbox 884 3464 1003 3541; x_wconf 85' lang='lat' dir='ltr'>altero</span> <span class='ocrx_word' id='word_1_161' title='bbox 1034 3462 1195 3539; x_wconf 86' lang='lat' dir='ltr'>alterum</span> <span class='ocrx_word' id='word_1_162' title='bbox 1224 3468 1410 3546; x_wconf 73' lang='lat' dir='ltr'>inculces?</span> 
     </span>
     <span class='ocr_line' id='line_1_24' title="bbox 372 3596 1409 3704; baseline -0.006 -25"><span class='ocrx_word' id='word_1_163' title='bbox 372 3604 492 3679; x_wconf 88' lang='lat' dir='ltr'>Porro</span> <span class='ocrx_word' id='word_1_164' title='bbox 520 3604 562 3675; x_wconf 91' lang='lat' dir='ltr'>in</span> <span class='ocrx_word' id='word_1_165' title='bbox 585 3604 708 3704; x_wconf 83' lang='lat' dir='ltr'>poetis</span> <span class='ocrx_word' id='word_1_166' title='bbox 741 3596 824 3676; x_wconf 83' lang='lat' dir='ltr'>suut</span> <span class='ocrx_word' id='word_1_167' title='bbox 855 3618 959 3677; x_wconf 87' lang='lat' dir='ltr'>certa</span> <span class='ocrx_word' id='word_1_168' title='bbox 988 3598 1259 3702; x_wconf 77' lang='lat' dir='ltr'>phantasmata,</span> <span class='ocrx_word' id='word_1_169' title='bbox 1300 3603 1409 3679; x_wconf 83' lang='lat' dir='ltr'>verba</span> 
     </span>
     <span class='ocr_line' id='line_1_25' title="bbox 373 3734 1409 3842; baseline -0.002 -29"><span class='ocrx_word' id='word_1_170' title='bbox 373 3736 589 3842; x_wconf 72' lang='lat' dir='ltr'>sollemtitt,</span> <span class='ocrx_word' id='word_1_171' title='bbox 615 3736 781 3837; x_wconf 77' lang='lat' dir='ltr'>epitheta</span> <span class='ocrx_word' id='word_1_172' title='bbox 810 3740 1042 3827; x_wconf 90' lang='lat' dir='ltr'>communia,</span> <span class='ocrx_word' id='word_1_173' title='bbox 1087 3762 1205 3839; x_wconf 83' lang='lat' dir='ltr'>quae,</span> <span class='ocrx_word' id='word_1_174' title='bbox 1248 3734 1409 3813; x_wconf 81' lang='lat' dir='ltr'>fisemel</span> 
     </span>
     <span class='ocr_line' id='line_1_26' title="bbox 370 3866 1409 3974; baseline -0.002 -27"><span class='ocrx_word' id='word_1_175' title='bbox 370 3875 554 3949; x_wconf 88' lang='lat' dir='ltr'>memoria</span> <span class='ocrx_word' id='word_1_176' title='bbox 580 3870 801 3973; x_wconf 77' lang='lat' dir='ltr'>complexus</span> <span class='ocrx_word' id='word_1_177' title='bbox 830 3868 894 3964; x_wconf 81' lang='lat' dir='ltr'>sm,</span> <span class='ocrx_word' id='word_1_178' title='bbox 937 3888 1131 3973; x_wconf 86' lang='lat' dir='ltr'>promtum</span> <span class='ocrx_word' id='word_1_179' title='bbox 1158 3866 1229 3965; x_wconf 87' lang='lat' dir='ltr'>est,</span> <span class='ocrx_word' id='word_1_180' title='bbox 1272 3871 1409 3974; x_wconf 76' lang='lat' dir='ltr'>ubique</span> 
     </span>
     <span class='ocr_line' id='line_1_27' title="bbox 370 4004 1409 4099; baseline -0.003 -18"><span class='ocrx_word' id='word_1_181' title='bbox 370 4004 522 4099; x_wconf 83' lang='lat' dir='ltr'>afferre,</span> <span class='ocrx_word' id='word_1_182' title='bbox 565 4026 606 4081; x_wconf 88' lang='lat' dir='ltr'>et</span> <span class='ocrx_word' id='word_1_183' title='bbox 630 4006 722 4082; x_wconf 89' lang='lat' dir='ltr'>inde</span> <span class='ocrx_word' id='word_1_184' title='bbox 751 4006 815 4084; x_wconf 89' lang='lat' dir='ltr'>seu</span> <span class='ocrx_word' id='word_1_185' title='bbox 837 4006 1110 4083; x_wconf 76' lang='lat' dir='ltr'>emendationis</span> <span class='ocrx_word' id='word_1_186' title='bbox 1132 4006 1195 4084; x_wconf 88' lang='lat' dir='ltr'>seu</span> <span class='ocrx_word' id='word_1_187' title='bbox 1215 4012 1409 4083; x_wconf 88' lang='lat' dir='ltr'>coniectu-</span> 
     </span>
     <span class='ocr_line' id='line_1_28' title="bbox 367 4140 1408 4245; baseline -0.004 -26"><span class='ocrx_word' id='word_1_188' title='bbox 367 4168 452 4237; x_wconf 81' lang='lat' dir='ltr'>rae,</span> <span class='ocrx_word' id='word_1_189' title='bbox 475 4140 666 4217; x_wconf 87' lang='lat' dir='ltr'>interdum</span> <span class='ocrx_word' id='word_1_190' title='bbox 681 4142 796 4231; x_wconf 68' lang='lat' dir='ltr'>,valde</span> <span class='ocrx_word' id='word_1_191' title='bbox 814 4142 1043 4245; x_wconf 75' lang='lat' dir='ltr'>ingeniosae,</span> <span class='ocrx_word' id='word_1_192' title='bbox 1075 4148 1272 4221; x_wconf 88' lang='lat' dir='ltr'>materiem</span> <span class='ocrx_word' id='word_1_193' title='bbox 1293 4166 1408 4245; x_wconf 81' lang='lat' dir='ltr'>quae·</span> 
     </span>
     <span class='ocr_line' id='line_1_29' title="bbox 367 4276 1405 4381; baseline -0.002 -30"><span class='ocrx_word' id='word_1_194' title='bbox 367 4302 462 4355; x_wconf 86' lang='lat' dir='ltr'>rere.</span> <span class='ocrx_word' id='word_1_195' title='bbox 526 4276 633 4355; x_wconf 80' lang='lat' dir='ltr'>Aliae</span> <span class='ocrx_word' id='word_1_196' title='bbox 653 4280 895 4356; x_wconf 82' lang='lat' dir='ltr'>coniecturae</span> <span class='ocrx_word' id='word_1_197' title='bbox 918 4277 1100 4381; x_wconf 81' lang='lat' dir='ltr'>proficisci</span> <span class='ocrx_word' id='word_1_198' title='bbox 1124 4278 1244 4360; x_wconf 83' lang='lat' dir='ltr'>solent</span> <span class='ocrx_word' id='word_1_199' title='bbox 1267 4304 1315 4357; x_wconf 80' lang='lat' dir='ltr'>cx</span> <span class='ocrx_word' id='word_1_200' title='bbox 1336 4276 1405 4352; x_wconf 90' lang='lat' dir='ltr'>ser-</span> 
     </span>
    </p>
   </div>
   <div class='ocr_carea' id='block_1_3' title="bbox 0 0 1476 5067">
    <p class='ocr_par' dir='ltr' id='par_1_4' title="bbox 0 0 1476 5067">
     <span class='ocr_line' id='line_1_30' title="bbox 0 0 1476 5067; baseline 0 0"><span class='ocrx_word' id='word_1_201' title='bbox 0 0 1476 5067; x_wconf 95' lang='lat' dir='ltr'> </span> 
     </span>
    </p>
   </div>
  </div>
 </body>
</html>
