2942 5067
375 387 426 465 to
575 367 888 446 P.v11tG1t11
913 369 1176 460 Mtaottts

343 592 347 598 ·
374 560 576 662 Postquam
596 583 666 631 nos
681 556 876 651 Amaryllis
894 559 1024 652 habet,
1063 559 1219 636 Galatea
1241 561 1410 666 reliquit.

376 669 568 798 Namque,
608 689 757 765 fatebor
798 697 916 785 enim,
955 696 1048 768 dum
1077 723 1142 769 me
1171 697 1324 773 Galatea
1351 717 1415 776 te·

993 827 1117 922 nebat,

377 973 459 1044 Nec
486 964 563 1066 spes
583 957 761 1034 libertatis
783 978 878 1053 erat,
904 987 976 1038 nec
998 989 1087 1037 cura
1106 966 1245 1063 pecull.

379 1103 562 1199 Quamuis
580 1091 698 1168 multa
718 1097 811 1168 mais
836 1101 953 1172 exiret
978 1103 1124 1174 victima
1146 1096 1289 1199 saeptis,

445 1333 477 1387 31
490 1330 621 1389 Galatea,
641 1326 785 1383 Γαλάτεια.
803 1327 871 1381 male
887 1328 914 1382 iu
927 1328 1014 1384 multia
1025 1329 1176 1384 Galatltea.
1245 1331 1278 1398 54
1286 1331 1416 1400 saeptis.

381 1419 459 1474 Hanc
477 1399 627 1485 scripturam
645 1412 708 1467 tut
735 1413 775 1465 vix
795 1411 848 1466 duo
862 1415 925 1486 neg.
946 1430 971 1468 ot
991 1415 1117 1476 Manui..
1150 1416 1177 1467 in
1200 1413 1258 1488 aliia
1278 1414 1341 1470 locis
1362 1438 1421 1472 an.

382 1503 507 1575 tiquiorea
529 1497 679 1571 agnoscunt
729 1497 860 1552 Nonnulli
888 1498 1048 1571 distinguunt
1075 1498 1135 1574 post
1157 1507 1286 1572 pinguis,
1323 1519 1350 1556 vt
1381 1505 1422 1560 l'tt

380 1597 499 1642 uictima
520 1592 652 1656 pinguia,
685 1597 712 1636 vt
730 1582 786 1635 Ecl.
801 1584 848 1645 Vl,
869 1593 895 1652 4.
938 1588 971 1640 At
989 1581 1024 1638 fic
1046 1585 1172 1645 altarum,
1201 1587 1310 1656 caseus,
1329 1587 1421 1644 subit-

381 1690 482 1730 caretur
497 1669 551 1724 stne
569 1669 702 1743 epitheto:
734 1687 787 1741 quo
807 1685 960 1723 attenuatur
980 1671 1091 1725 oratio=¹
1118 1686 1213 1744 poetae
1226 1671 1314 1746 itaqua
1335 1677 1421 1746 prius

382 1759 438 1816 fine
452 1757 569 1830 epitheto
590 1753 737 1827 relinquere
758 1753 840 1808 solent
846 1792 856 1819 ,
900 1753 973 1810 altari
994 1755 1130 1830 epitheton
1149 1755 1251 1812 addara.
1302 1779 1425 1818 arraret

285 1883 288 1886 ·
381 1853 502 1902 victima
519 1839 635 1896 Parrbal.
649 1841 738 1894 Rurm.

383 2009 454 2092 gula
464 2006 502 2066 ad
515 2001 732 2064 declarandum
744 2017 875 2084 tempus,
916 2003 1045 2065 tendum
1064 2019 1185 2079 tamen,
1214 2001 1344 2070 inlidere
1370 2009 1428 2076 bis

382 2130 447 2192 quo
463 2107 637 2168 libertatem
655 2105 800 2178 obtinuit,
824 2126 876 2166 va·
915 2106 1017 2166 nescio
1038 2109 1113 2191 quid
1133 2107 1284 2170 uuenusst
1306 2126 1339 2171 et
1367 2118 1430 2179 irt-

382 2211 447 2270 lera
478 2207 602 2268 debent.
660 2206 697 2267 In
720 2207 875 2269 senectute
917 2213 1026 2272 comti:
1048 2209 1085 2270 cf.
1095 2211 1134 2270 V.
1148 2212 1201 2281 L.;
1221 2231 1430 2296 quamquam

383 2309 523 2371 barbam
531 2322 693 2382 memorat,
705 2309 875 2391 quialiber.
916 2325 947 2370 et
968 2311 1025 2370 alia
1044 2315 1192 2373 nonnulla
1215 2317 1248 2372 in
1267 2312 1330 2376 hoc
1350 2325 1431 2399 pri.

382 2397 478 2475 tatem
502 2409 706 2494 consequutus
728 2431 797 2471 earn
821 2413 875 2472 de·
914 2431 967 2472 nto
990 2419 1124 2475 camnine
1151 2415 1256 2495 paullo
1277 2417 1433 2486 ieiunius

379 2519 481 2598 ponit.
524 2513 663 2596 Contigit
682 2528 813 2587 tamen,⁴
827 2519 874 2574 in·
916 2514 996 2574 dicta
1012 2516 1109 2577 videri
1128 2513 1261 2596 polluat.
1305 2521 1433 2590 Multo

381 2639 487 2702 quana
502 2616 635 2689 libertas,
651 2630 683 2675 et
694 2615 792 2676 multo
805 2611 874 2696 post
914 2637 988 2677 vero
997 2623 1092 2700 magis
1106 2617 1226 2678 inficeta
1240 2618 1317 2682 ltaec
1331 2625 1433 2704 lunt,

379 2719 457 2782 mihi
471 2720 541 2779 data
556 2715 613 2792 est,
632 2716 814 2799 postquam,
836 2739 874 2779 ex
914 2715 1018 2778 ficum
1034 2721 1097 2780 aliis
1113 2740 1171 2800 per
1187 2720 1314 2782 alteram
1338 2738 1436 2793 ami.

303 2854 307 2884 ι
379 2844 443 2908 quo
462 2837 620 2901 tempore,
650 2821 874 2881 aGalateare·
915 2839 991 2894 cam,
1008 2823 1181 2896 Mantuam,
1198 2843 1255 2904 per
1268 2826 1435 2910 alteram,

329 2909 337 2925 ’
376 2925 485 2998 lictus,
510 2927 545 2984 in
560 2921 770 3005 Amaryllidis,
799 2943 874 2983 con·
913 2921 1046 2982 Romam
1056 2924 1202 3010 declarari
1214 2938 1438 3006 pronunties.

376 3025 482 3088 laruae
505 3031 613 3107 (quam
639 3025 710 3087 aa
738 3028 872 3085 cannino
973 3025 1024 3102 34.
1063 3027 1212 3108 Quamuis
1256 3032 1438 3102 iuuenem

375 3126 543 3201 recolebat,
575 3143 706 3208 atquae
727 3147 872 3188 moerore
912 3143 989 3186 tmus
1007 3143 1039 3187 et
1053 3129 1130 3190 alter
1143 3151 1180 3192 ex
1194 3134 1269 3190 meis
1283 3153 1440 3202 armen.

376 3229 431 3291 luo
454 3250 491 3290 ex
506 3230 605 3313 Tityri
627 3225 761 3286 absentia
785 3248 871 3288 anto·
911 3231 950 3286 tis
978 3228 1125 3293 deductus
1160 3233 1360 3296 venderetur
1395 3249 1441 3307 in

373 3352 440 3392 rem
468 3329 553 3390 suum
573 3327 729 3410 prodebat
750 3325 800 3391 vll.
826 3331 868 3410 57
909 3327 1000 3405 vrbe,
1032 3349 1144 3396 anteo
1166 3335 1441 3415 deportarentur

373 3431 464 3516 sqq.)‚
478 3429 768 3492 contuberniolum.
783 3433 867 3491 Ami·
908 3449 927 3491 a
950 3453 1001 3493 me
1026 3433 1111 3496 casei.
1163 3435 1279 3497 Habuit
1301 3459 1441 3510 autem

370 3553 408 3594 oa
425 3555 466 3594 ne
486 3535 538 3594 illa
551 3537 677 3614 proprie
697 3533 793 3607 dicta,
826 3553 866 3596 an
907 3533 1051 3618 Virgilius
1086 3543 1120 3599 in
1153 3545 1255 3600 animo
1291 3543 1440 3614 Catull,

374 3657 456 3720 quae
481 3639 515 3697 in
545 3635 751 3697 contubernio
778 3633 863 3710 ellat,
905 3637 984 3712 XX,
1018 3644 1167 3705 10-13
1193 3643 1246 3720 (al.
1271 3645 1437 3734 cxlv),

368 3734 514 3800 Romano
532 3737 634 3831 sensu,
670 3737 865 3821 quandoqui·
904 3735 1067 3823 stquidern
1081 3743 1193 3806 Catulli
1207 3767 1336 3808 carmen
1362 3753 1439 3818 est.

368 3839 440 3900 dem
456 3841 613 3902 samonam
634 3859 701 3901 non
726 3846 863 3924 coniugi.
905 3841 1019 3926 Georg.
1034 3844 1094 3919 111,
1122 3855 1186 3926 400
1206 3847 1309 3932 Quod
1322 3855 1438 3927 fier.

366 3961 419 4034 ηπ]
436 3958 518 4016 erat,
541 3942 592 4005 ted
613 3942 860 4018 contubernium,
900 3960 1000 4021 gente
1018 3945 1073 4007 die
1091 3950 1228 4029 mulsere
1239 3951 1439 4040 horisque

365 4063 433 4106 non
450 4047 558 4107 dicam.
578 4045 676 4123 lango
685 4043 760 4127 post
780 4061 859 4106 tana-
899 4045 1045 4119 diurna,
1091 4053 1192 4114 Nocte
1231 4075 1439 4137 premunt3

356 4168 449 4229 pore,
476 4163 510 4209 vt
530 4169 557 4208 v.
578 4151 619 4213 68
638 4153 760 4208 iterum.
805 4149 855 4210 ste
898 4151 1076 4232 quodiam
1097 4155 1242 4236 tenebris
1263 4175 1299 4218 et
1317 4165 1434 4238 sule

357 4264 452 4311 tanta
464 4249 537 4332 past
550 4251 608 4313 Ge.
623 4249 678 4326 III,
694 4251 768 4334 476.
795 4250 851 4311 Fa·
894 4254 1050 4326 cadente,
1071 4259 1136 4318 Sub
1149 4261 1255 4322 lucem
1268 4283 1429 4346 expor-
