2942 5067
389 411 438 486 32
609 401 1214 498 P.v1RG1L11MAR0N1s

388 601 489 660 vicina
505 590 572 654 dici
587 591 703 675 pssffet.
747 595 840 653 Inter
852 595 1056 652 Mantuanos
1063 631 1074 661 ,
1104 595 1163 675 qui
1176 593 1261 650 lianc
1276 589 1410 648 iniuriae

386 703 620 782 indignitatem
633 697 809 776 subirent,
844 699 1022 778 Virgilium
1028 697 1139 780 sitiffe
1160 695 1296 756 tradunt
1307 713 1318 756 :
1344 717 1412 754 eum

389 825 519 880 tamen,
545 801 620 880 flue
628 805 696 881 suo
709 802 786 879 stne
798 801 908 878 Asinii
920 805 1082 864 Pollionis
1097 803 1247 880 consilio,
1282 805 1413 862 Horreum

345 937 350 946 ¹
385 917 575 1000 profectum
594 909 638 968 ab
658 907 808 987 Augusto
833 909 1023 991 obtinuiffe,
1049 925 1087 970 vt
1106 913 1182 988 agri
1192 907 1259 985 sibi
1278 907 1413 986 restitue·

389 1037 523 1084 rentur:
551 1037 619 1100 qsta
639 1013 682 1074 de
696 1035 733 1072 re
752 1036 783 1074 v.
799 1014 975 1100 ad-Vitam
993 1017 1129 1094 Virgilii
1143 1037 1174 1079 a.
1191 1019 1264 1095 713,
1285 1030 1323 1074 vt
1336 1013 1412 1074 adeo

378 1127 447 1208 sub
469 1123 571 1202 Tityri
583 1121 727 1204 persona
739 1121 841 1198 fitam
854 1124 1034 1203 fortunam
1046 1137 1148 1198 poeta
1163 1120 1413 1182 adrtmbrauerit.

388 1233 505 1313 Atque
526 1247 569 1286 ea
592 1230 662 1286 iam
684 1241 833 1286 veterum
854 1218 964 1310 opinio
987 1231 1072 1308 sitit.
1093 1249 1124 1288 v.
1144 1225 1325 1302 Nemsfian.
1352 1227 1413 1289 Ecl.

389 1340 499 1405 11,8a.
539 1331 857 1415 Calpurn.IV‚162.
915 1332 1026 1393 Sidon.
1049 1334 1104 1394 lib.
1127 1337 1154 1408 I,
1187 1333 1286 1415 Epist.
1308 1337 1343 1402 5,
1382 1347 1415 1391 vt

389 1423 657 1527 ,Quinctilianum
672 1453 810 1509 taceam.
844 1439 938 1522 Quae
956 1461 1008 1500 res
1020 1440 1102 1500 bene
1111 1441 1154 1518 se
1170 1440 1293 1498 babere
1300 1437 1416 1522 potest:

391 1545 491 1610 modo
509 1545 672 1624 allegoria
692 1565 761 1603 non
781 1543 830 1604 ad
849 1566 960 1605 omnes
979 1547 1091 1624 verfits
1112 1562 1146 1604 et
1167 1545 1272 1605 verba
1290 1543 1416 1622 singula

391 1653 656 1733 circumferatur.
714 1649 1017 1712 Grammaticorum
1038 1655 1237 1736 omninoque
1262 1655 1415 1732 interpre-

393 1778 484 1830 tum,
502 1762 540 1818 in
559 1757 612 1817 lsis
627 1757 778 1825 Gatroei,
798 1757 1022 1818 intolerabiles
1032 1759 1117 1836 sum
1136 1762 1173 1818 in
1192 1759 1354 1838 allegoria
1368 1776 1416 1816 ec·

389 1863 560 1952 pedienda
586 1865 742 1941 argutiae
767 1878 801 1921 et
827 1883 945 1942 nugae.
1006 1865 1111 1924 Locris
1131 1880 1262 1935 autem,
1305 1867 1416 1946 inquo

389 1971 538 2059 pastores
559 1971 781 2037 conueniunt,
818 1966 862 2046 esi
885 1969 934 2028 ad
952 1969 1136 2049 umbrosam
1146 1973 1273 2052 fagum
1296 1973 1332 2032 in
1353 1969 1417 2030 loco

392 2076 568 2142 arboribus
594 2073 733 2150 consuo,
768 2074 837 2151 sub
865 2095 932 2158 qua
959 2078 1086 2158 Tityrus
1112 2077 1273 2136 recubans
1290 2075 1420 2160 paslortk

395 2190 444 2248 tio
466 2197 566 2242 cantu
589 2182 694 2240 otium
713 2181 892 2256 consumit,
920 2181 1001 2241 dum
1017 2203 1151 2263 gregem
1167 2199 1331 2242 errantem
1348 2203 1418 2264 pro·

383 2292 497 2374 spicit.
543 2286 647 2364 Versu
663 2301 775 2346 tamen
791 2290 931 2368 52-59
951 2293 1140 2348 accuratius
1153 2289 1347 2368 describitur
1361 2287 1419 2346 loci

390 2397 594 2479 prospectus,
613 2405 648 2451 et
662 2407 824 2474 quantum
834 2414 866 2451 v.
882 2395 934 2472 48,
943 2404 984 2475 49
1005 2401 1145 2478 quamuis
1160 2397 1236 2476 lepis
1250 2400 1354 2456 omnia
1368 2415 1418 2452 nu·

393 2503 452 2564 dus
467 2533 510 2546 -
522 2497 733 2577 intelligitur,
755 2520 797 2558 ex
809 2499 880 2579 ipsa
895 2519 1006 2560 rerum
1018 2505 1170 2564 veritate.
1195 2501 1257 2561 Ad
1269 2504 1420 2561 maiorem

393 2610 446 2668 rei
465 2601 706 2664 iucunditatem
723 2605 817 2684 facit
839 2609 1009 2666 contraria
1036 2609 1174 2667 alterius
1193 2605 1335 2689 pastoris
1351 2609 1420 2688 for-

312 2724 316 2731 '
395 2727 499 2778 tuna‚·
518 2729 605 2794 quae
617 2711 861 2788 miserationem
873 2728 1001 2782 mouet,
1030 2729 1148 2798 etqua
1164 2715 1250 2773 nilsil
1274 2713 1420 2792 disertius

393 2817 443 2880 ad
452 2818 556 2900 Tityri
561 2815 763 2897 felicitatem
778 2803 1009 2895 illustrandam
1022 2823 1274 2882 commemorari
1282 2831 1419 2903 poterat.

478 2992 562 3052 Sunt
582 3003 695 3052 tamen
714 2991 819 3050 multa
838 2975 874 3050 in
894 2993 959 3052 ltac
974 2995 1090 3074 ecloga
1095 2977 1109 3070 ,⁶
1136 2998 1173 3056 in
1191 2994 1309 3080 quibus
1318 2993 1421 3072 subti-

391 3098 457 3158 lius
473 3113 597 3180 poetae
617 3095 779 3156 iudicium
798 3095 967 3173 desideres.
1009 3103 1158 3160 Primum
1178 3104 1283 3184 ipsum
1296 3103 1359 3162 lsoc
1370 3121 1421 3180 ge-

392 3223 455 3262 rtus
476 3205 683 3283 argumenti,
710 3201 817 3286 quod,
851 3205 909 3281 etsi
929 3227 993 3287 pro
1012 3227 1106 3268 mera
1125 3209 1289 3288 allegoria
1310 3207 1422 3268 ltcberi

391 3309 523 3390 nequit,
566 3308 615 3367 ad
642 3308 838 3386 allegoriam
868 3326 979 3372 tamen
1011 3314 1253 3397 qrtodarnmodo
1284 3313 1420 3380 accedit,

389 3413 542 3498 adeoque
561 3417 595 3479 in
611 3428 772 3496 perpetuo
793 3435 904 3476 rerum
924 3437 966 3478 ac
978 3420 1154 3480 verborum
1176 3422 1247 3501 lusu
1261 3423 1420 3500 versatur,

389 3523 449 3580 vix
461 3521 552 3598 satis
576 3539 732 3598 maguam
755 3523 958 3600 grauitatem
986 3547 1027 3585 ac
1053 3525 1251 3606 dignitatem
1277 3547 1422 3611 unquam

387 3625 512 3685 liabere
534 3625 649 3706 potest.
691 3627 761 3687 Nec
778 3630 814 3686 in
835 3650 874 3688 eo
891 3635 1003 3713 potuit
1017 3637 1110 3694 vitae
1131 3617 1271 3716 rusticae
1285 3635 1422 3717 propria

360 3739 365 3746 '
385 3735 439 3794 vis
451 3753 494 3791 ac
515 3734 603 3792 ratio
628 3731 877 3815 (characterem
895 3731 1041 3822 occant)
1061 3757 1150 3802 recte
1159 3742 1306 3822 seruari.
1357 3739 1423 3801 Vic

387 3857 408 3898 e
423 3839 568 3920 persona
589 3837 731 3920 pastoris
764 3842 947 3924 apotheosis
980 3847 1040 3904 illa
1075 3847 1149 3907 lieri
1173 3849 1262 3926 satis
1289 3847 1422 3930 plaeere

386 3945 499 4024 potest.
530 3945 741 4026 Comparatio
754 3951 934 4028 autemseu
949 3951 1112 4030 allegoria
1122 3941 1191 4013 non
1203 3955 1325 4037 ubique
1338 3972 1421 4012 com·

387 4048 485 4110 mode
494 4049 656 4132 procedit.
717 4055 771 4113 Sic
783 4076 814 4114 v.
832 4057 871 4120 28
892 4057 1039 4136 litrrus,
1064 4073 1099 4118 vt
1120 4060 1306 4121 libertatem
1320 4059 1422 4136 suam

385 4159 555 4238 impetret,
574 4159 713 4218 Romam
716 4161 938 4242 proficiscitur
942 4187 956 4236 ,·
990 4165 1115 4225 obtinet
1130 4166 1174 4225 ab
1187 4167 1267 4228 lsero
1281 4165 1419 4226 liberta-

385 4277 452 4330 tem
470 4281 586 4343 greges
600 4263 780 4345 pqscendi:
819 4267 901 4353 quid
921 4271 1120 4336 mirabimur
1129 4273 1192 4335 lioc
1211 4275 1365 4355 sactum,
1388 4265 1421 4344 fi
