2942 5067
369 371 447 446 „a
571 365 895 494 rvruoruu
921 367 1188 485 uanorus

374 549 504 645 Galle,
540 553 634 656 quid
649 553 813 642 ,iniardsi
850 559 993 657 inquit,
1023 573 1087 630 tua
1108 580 1201 630 cura
1219 555 1358 648 Lycoris

375 689 529 792 Perque
567 695 675 766 niues
712 691 828 766 alium
860 717 1006 794 perque
1038 689 1195 764 horn'da
1224 687 1393 764 casuale·

1000 831 1090 891 outa
1111 810 1177 887 est.

379 949 495 1024 Venit
515 965 555 1022 et
576 941 706 1046 agresti
728 951 859 1048 capitis
882 947 1055 1022 Siluanus
1083 948 1235 1022 honore

380 1083 563 1160 Florentio
584 1080 721 1156 ferulas
741 1100 780 1156 et
807 1081 962 1182 grandia
987 1081 1065 1160 lilia
1088 1077 1270 1183 quaffens.
1358 1075 1394 1152 ai

382 1219 464 1291 Pan
484 1214 577 1289 deus
600 1215 783 1292 Arcadiae
802 1219 923 1290 venit:
965 1243 1079 1320 quem
1100 1216 1261 1292 vidimus
1280 1209 1339 1315 ipfi

243 1427 248 1437 ,
382 1347 606 1450 sanguineis
628 1349 730 1425 ebuli
751 1349 877 1428 baoois
899 1357 1095 1452 minioque
1117 1349 1322 1426 rubentem.

385 1532 440 1586 nbi
459 1530 565 1586 versit?
598 1533 727 1606 Apollo:
754 1536 848 1593 Galle.
885 1535 947 1589 aliis
973 1550 1095 1610 rogant.-
1126 1535 1194 1590 Tibi
1211 1541 1288 1590 osuit
1302 1533 1397 1604 Apollo.

385 1615 509 1690 Vtroque
528 1617 611 1692 ruodo
631 1620 717 1674 orario
739 1621 812 1676 axilis
833 1620 969 1676 redditur.·
1033 1621 1067 1676 23
1088 1622 1200 1692 Perque
1220 1629 1296 1676 aines
1316 1619 1400 1686 Alpem

386 1707 458 1761 coni.
474 1705 604 1762 Scirona·
619 1704 683 1760 obs.
697 1709 730 1770 11,
743 1717 770 1776 4,
788 1706 865 1760 male.
942 1715 978 1775 24
997 1707 1206 1780 rapirtblensg.
1278 1708 1310 1761 25
1324 1705 1401 1758 violas

386 1811 437 1866 pro
456 1785 576 1864 'ferulas
596 1792 681 1846 Goth.
701 1792 768 1856 let..
797 1791 841 1848 fed
858 1791 910 1846 vid.
931 1793 999 1848 Not.
1074 1796 1109 1849 26
1128 1794 1264 1850 Arcadia
1280 1808 1325 1846 ret.
1345 1789 1399 1844 Cod

389 1877 734 1944 Bmhiiinsdaerim
749 1881 791 1944 sb,
811 1877 889 1933 mals.
957 1895 991 1950 27
1008 1879 1186 1936 barkabie
1201 1879 1284 1935 multi.
1320 1885 1399 1932 almit-

392 1982 448 2034 qtse
471 1962 571 2018 Medic.

389 2098 537 2185 ἴρισσω,
554 2122 582 2162 v.
594 2105 645 2181 78.
685 2107 736 2169 23.
753 2107 790 2168 cf.
803 2127 833 2171 v.
848 2113 890 2188 47
933 2107 1027 2170 Ouid.
1048 2101 1123 2168 Fall.
1147 2106 1179 2180 1,
1200 2112 1272 2186 4¹²·
1297 2103 1345 2178 111,
1360 2102 1399 2178 84.

393 2217 427 2264 et
452 2203 633 2286 Argument.
683 2213 733 2287 24.
772 2207 892 2287 agresti
932 2212 1049 2271 Eximia
1079 2230 1151 2270 cunr
1179 2205 1328 2271 venustate
1353 2204 1401 2266 hoo

392 2308 514 2385 eapitis
551 2305 706 2368 Siluanus
748 2311 891 2386 honore,
932 2315 1016 2374 idern
1058 2313 1217 2374 transtulit
1255 2307 1400 2371 Columella

392 2422 519 2470 omenta
554 2406 633 2470 serto
669 2431 688 2472 e
720 2412 825 2478 fendis
860 2431 892 2477 et
932 2417 982 2490 X,
1004 2417 1047 2494 43
1086 2415 1190 2475 Satur
1209 2411 1402 2476 Auotrrmuus,

392 2507 473 2572 liliis
516 2509 564 2572 lta
584 2510 697 2575 scilicet
717 2530 789 2576 ets
816 2539 894 2599 poe·
934 2517 1088 2602 quaffana
1104 2515 1178 2592 sua
1203 2529 1341 2596 tempora
1354 2533 1401 2592 po·

392 2616 433 2672 tis
453 2616 539 2673 etin
560 2613 664 2699 priscis
683 2625 894 2683 monumentis
934 2623 1006 2695 mis,
1028 2635 1060 2680 et
1072 2620 1268 2704 Hymenaeus
1282 2635 1401 2676 rrnrrrouq

392 2713 535 2776 Siluanus
554 2715 733 2796 exhibetur,
757 2737 790 2782 vt
806 2743 894 2784 coro·
934 2737 984 2784 ras
1000 2724 1096 2802 cupio
1118 2719 1270 2804 quaffare
1287 2734 1401 2780 coronas

394 2835 469 2877 narn
495 2837 533 2877 ax
559 2819 721 2885 frondibus
744 2824 891 2899 arboreis,
936 2849 985 2907 ap.
1018 2823 1181 2886 Claudian.
1215 2822 1332 2896 XXXI,
1360 2821 1401 2898 95·

394 2933 449 2978 aut
485 2922 653 3002 grandibus
688 2925 819 2988 floribus
861 2941 893 2990 et
935 2930 1082 2989 Ceterum
1102 2931 1136 2988 in
1159 2926 1205 2988 his
1226 2922 1345 2988 verlibus
1363 2940 1402 2980 co·

388 3021 599 3086 ‚arundinibus
641 3044 745 3110 gerat,
796 3051 893 3092 manu
933 3031 984 3092 lor
1010 3031 1120 3094 ductus
1147 3029 1209 3094 effe
1242 3029 1350 3092 videtur
1368 3020 1401 3092 ,ab

393 3122 447 3202 (of.
463 3123 580 3209 Georg.
595 3126 620 3200 1,
638 3133 691 3210 ao)
720 3129 893 3214 cuprellunr
936 3130 1042 3218 odyff.
1064 3159 1097 3206 ar,
1127 3137 1170 3199 58
1198 3131 1259 3218 sqq.
1304 3124 1402 3196 Ferul‘?

393 3237 448 3284 sut
474 3225 567 3287 alium
596 3229 713 3294 arboris
749 3249 893 3298 truncum
935 3253 1035 3298 autern
1056 3237 1168 3318 frutex,
1196 3238 1273 3299 loliis
1288 3233 1401 3294 toenio·

392 3337 511 3386 teneat.
564 3329 617 3390 Sic
646 3353 763 3396 corone
799 3341 892 3419 pinea
933 3340 979 3412 lo,
1007 3338 1167 3421 speciest
1195 3339 1245 3402 vsu
1271 3331 1401 3396 arundini·

386 3441 544 3498 ¹oneratur
568 3435 604 3492 in
630 3451 710 3498 noto
736 3459 893 3502 marmore
934 3440 1002 3515 bus,
1026 3443 1136 3526 quibus
1158 3461 1217 3524 pro
1237 3437 1340 3500 baculis
1359 3433 1400 3492 vri·

394 3529 607 3610 ap.Boill'ard
635 3536 891 3623 T.1v‚p.,154,
933 3565 1018 3620 mur,
1060 3541 1183 3615 fim'disg
1239 3543 1400 3604 Graecorum

394 3633 563 3703 eteruior.
577 3657 609 3718 p.
624 3639 744 3717 LXIII,
767 3665 830 3726 quo
847 3661 892 3706 [a.
934 3640 1062 3730 νάρθηξ,
1079 3647 1250 3710 cf,Manin.
1275 3639 1399 3704 Nlhlldllt·

392 3753 468 3794 rnen
490 3736 603 3800 eodem
629 3739 737 3805 babitu
757 3747 824 3807 Pon
844 3751 892 3807 in·
935 3764 995 3810 tem
1011 3753 1105 3826 noui,
1135 3767 1262 3810 coronas
1280 3765 1314 3806 ex
1327 3753 1399 3800 arun·

392 3837 516 3897 terduru
533 3837 658 3926 infignis
675 3843 726 3906 est.
765 3848 815 3907 Sic
830 3850 892 3909 Lu·
934 3850 1074 3925 dinibus,
1101 3851 1260 3912 frondibus
1278 3840 1398 3906 arboreis,

394 3953 466 4000 oret
480 3939 535 4014 IV,
553 3946 633 4024 591,
661 3969 755 4031 quern
772 3951 892 4032 expres·
933 3950 994 4015 effe
1014 3954 1117 4015 factas.
1158 3949 1328 4032 Comparari
1340 3955 1400 4022 φῦ·

392 4037 458 4102 fille
493 4039 524 4104 b.
562 4044 583 4105 l.
614 4047 719 4112 nester
754 4054 890 4134 ridetur:
933 4047 1075 4139 duacum
1091 4053 1137 4116 his
1151 4053 1271 4138 polluat
1288 4040 1398 4108 illaMo·

392 4143 468 4204 Pan
482 4147 591 4209 Pinea
601 4149 757 4230 semiferi
773 4159 892 4239 capitis
932 4158 994 4222 seht
1014 4158 1101 4244 ldyll.
1124 4159 1209 4230 XIV,
1226 4158 1264 4220 26
1275 4153 1330 4234 sqq·

393 4248 564 4311 velamina
602 4255 766 4337 quaffans.
818 4260 890 4323 add.
977 4259 1029 4344 2'7.
1048 4239 1397 4332 rubenrsm,cr.1i1p-.tl
