2942 5067
254 395 601 475 GEORGIGON
635 395 735 469 LIB.
756 396 785 485 1,
803 388 968 505 32-335
1071 390 1146 464 283

111 584 308 660 Panditur:
357 582 433 687 ipse
472 580 542 659 tibi
567 587 642 657 ium
678 564 832 656 brachia
869 576 1058 655 contrahit
1091 603 1175 684 ass‘.

735 716 828 789 dens

110 856 305 957 Scorpios,
339 872 378 931 et
398 850 498 929 coeli
523 848 614 928 iusta
641 850 725 952 plus
746 868 854 951 parte
873 847 1043 951 reliquit:
1096 845 1146 965 55
1171 945 1176 953 ¹

175 1052 210 1120 34
229 1050 373 1105 Panditur
391 1049 451 1121 r'pfi
472 1048 556 1121 iungit
567 1048 683 1101 Seruius.
720 1048 773 1100 ttbr‘
794 1066 861 1101 nam
875 1048 944 1101 Van.
1014 1048 1048 1104 35
1065 1048 1146 1103 Scor·

111 1142 174 1207 pior
189 1136 282 1189 Heius.
301 1134 425 1189 eMedic.
446 1148 473 1189 et
487 1134 520 1187 tl.
563 1136 695 1203 Saorptar
714 1132 803 1203 vulgo.
838 1135 904 1203 plue
924 1132 999 1207 tusto
1014 1133 1067 1188 Eat.
1104 1154 1147 1188 re·

111 1224 193 1296 liquit
205 1220 307 1275 Medic.
328 1240 388 1274 cum
402 1219 474 1275 Gud.
497 1238 522 1275 at
536 1220 660 1289 Meurig..
687 1218 716 1272 it.
736 1218 818 1271 Rom.
840 1218 931 1279 Pierii,
957 1220 1041 1275 Goth.
1061 1205 1148 1291 pr.'et

109 1306 162 1359 nt.
184 1324 210 1361 et
229 1306 365 1361 videbatur
379 1308 450 1370 hoc,
474 1325 505 1359 ex
517 1304 646 1376 elegantia
665 1305 785 1376 poeticae
803 1303 941 1365 dictionis.
967 1305 1147 1378 recipiendum

113 1391 175 1455 utta.
201 1412 252 1465 pro
270 1392 369 1467 vulgari
387 1393 530 1466 relinquit.
564 1390 723 1463 interpolate
741 1388 780 1445 est
802 1404 846 1444 'vt
867 1408 939 1443 c.··-
955 1394 1100 1465 relinquat
1118 1392 1147 1445 in

113 1478 235 1533 Anmdel.

114 1622 229 1685 Verum
263 1624 361 1686 multa
392 1622 542 1685 subtiliter
569 1622 608 1683 de
649 1620 712 1685 ram
734 1621 907 1682 Conrtertic
926 1624 1034 1702 affin,-
1064 1622 1148 1708 quid
1239 1649 1243 1654 ·

114 1724 143 1787 h.
163 1726 184 1788 l.
207 1730 317 1810 quaeri
337 1746 470 1809 coepere
494 1729 528 1787 in
549 1726 609 1787 dis-
650 1727 740 1784 enr‘m
760 1724 937 1785 mirabitur
953 1727 1146 1801 inmanis,

115 1834 276 1911 putatione
295 1830 334 1895 de
351 1831 401 1891 die
414 1826 539 1913 Augusti
553 1850 609 1889 na·
650 1831 686 1887 in
706 1826 850 1907 Arrgustt'
861 1828 954 1908 felia
982 1851 1056 1891 cum
1073 1832 1148 1912 fnl-

116 1933 180 1993 tali:
201 1948 239 1995 vt
253 1936 345 1995 etiarn
359 1948 454 2014 poeta
466 1932 610 1997 credatur
640 1932 730 2010 serit
759 1932 887 1993 ortum!
925 1954 996 1993 cum
1022 1922 1147 2015 recepta

116 2034 254 2097 edilium
269 2032 446 2116 respexiffe,
473 2039 507 2097 iu
521 2033 609 2118 ligno
650 2030 688 2095 fit
702 2034 809 2096 lectio:
837 2036 874 2093 in
894 2034 1000 2116 ipsum
1021 2035 1082 2095 scil.
1105 2036 1147 2098 se.
1222 2024 1227 2031 ’

115 2138 226 2200 Librae
253 2142 375 2201 nunrini
404 2138 509 2200 futuro
547 2135 611 2199 affi-
652 2135 712 2197 alit
726 2136 786 2197 alia
802 2142 970 2197 commenti
984 2136 1061 2199 sunt
1084 2139 1147 2200 vid.

117 2242 253 2324 grando.
333 2240 438 2323 Vulgo
484 2242 611 2324 quidem
652 2238 790 2321 Scaliger
821 2253 854 2301 et
886 2240 976 2301 Faiua
1010 2241 1050 2302 ad
1076 2243 1147 2304 Ma·

116 2340 235 2427 lignum
263 2346 328 2405 eiua
348 2344 452 2405 natale
473 2342 612 2425 habitum
652 2340 706 2401 nil.
733 2340 756 2401 t
784 2341 805 2403 l.
833 2342 948 2401 lettre
984 2341 1028 2403 ele
1059 2347 1148 2405 Mai·

117 2444 160 2507 est
190 2446 417 2527 Capricornum
465 2445 537 2507 vide
561 2444 612 2507 vel
653 2463 716 2505 ran
729 2443 908 2537 inLeecrm
924 2460 958 2505 at
973 2448 1149 2529 Oprffculer

118 2550 200 2609 Suet.
213 2548 295 2631 Aug.
312 2556 370 2627 943
395 2548 479 2609 idom
501 2552 535 2613 in
553 2568 613 2609 nu·
652 2567 684 2628 p.
698 2548 760 2627 275
776 2544 862 2631 squ).
904 2550 1074 2611 Enimuero
1088 2549 1149 2611 sui-

117 2634 174 2713 mia
191 2646 319 2734 Augusti
339 2649 468 2713 obuium
489 2667 522 2713 et
550 2656 613 2737 egit
653 2647 716 2711 ficit
736 2648 798 2724 ,ad
838 2666 953 2731 poetae
991 2667 1148 2726 mentem,

120 2754 225 2816 daeo
250 2752 373 2834 copiose
393 2752 543 2837 Schlagal.
573 2754 613 2815 ad
654 2751 743 2833 quod
780 2749 820 2813 ab
855 2756 945 2815 initio
982 2755 1149 2835 posuimus.

118 2854 243 2919 morelli
257 2855 358 2937 Impp.
377 2857 416 2919 T.
437 2855 462 2916 1.
486 2876 518 2936 p.
544 2864 612 2937 194.
655 2852 773 2915 Chelae
786 2856 1084 2938 autemsequeutes,
1100 2859 1151 2920 val

1 3022 2 3025 ,
119 2958 182 3020 dies
197 2956 307 3021 natalis
327 2958 455 3021 traditur
474 2957 522 3019 lx
543 2958 611 3018 Kal.
655 2960 726 3039 quia
745 2957 890 3038 scorpius
906 2955 1027 3041 Virgini
1050 2981 1068 3019 a
1089 2976 1151 3021 tar-

120 3059 282 3132 Octobris,
302 3058 365 3121 sole
379 3081 417 3121 ex
431 3061 548 3144 vulgari
566 3080 614 3127 ra·
655 3080 695 3143 go
711 3056 765 3133 est,
789 3058 843 3135 ‚vel
858 3064 984 3141 poetico
998 3060 1150 3143 epitheto,

120 3168 205 3227 tione
225 3162 350 3225 Libram
379 3160 531 3247 ingreffo,
575 3185 614 3225 ex
654 3178 688 3223 vt
709 3160 844 3225 hederae
864 3160 982 3227 flexiles
1007 3165 1152 3227 dietmtut

120 3285 190 3329 vera
222 3282 328 3329 autem
355 3265 457 3325 adhuc
483 3271 517 3327 in
544 3266 614 3329 Vir·
654 3262 810 3349 sequaces.
853 3264 977 3327 ardens
1005 3270 1151 3350 Scorpius

121 3372 189 3453 gine
211 3368 369 3443 versante,
397 3388 464 3430 non
485 3374 615 3432 veroin
656 3382 814 3452 tamquam
831 3367 929 3440 fidum
961 3368 1024 3432 hoc
1040 3368 1153 3453 [impli-

121 3472 323 3555 Capricorno.
365 3472 487 3534 Scilicet
506 3472 615 3535 cadem
658 3468 815 3537 ciffimum.
860 3470 946 3549 iusta
959 3473 1037 3556 plus
1051 3487 1154 3557 parto

119 3590 212 3637 nocte
240 3575 331 3636 Luna
360 3570 397 3637 in
425 3575 616 3657 Capricorno
658 3576 834 3659 elegantem
869 3574 910 3636 ad
921 3572 1042 3659 [ignum
1055 3578 1155 3638 maio-

123 3692 187 3737 crat
218 3676 317 3760 gradu
344 3676 421 3737 XVI
450 3679 501 3739 vel
525 3677 618 3739 xvlt
657 3682 698 3741 ris
717 3680 912 3741 reuerentiae
932 3678 1020 3758 plur,
1058 3698 1155 3761 quam

123 3780 193 3857 (rid.
213 3776 362 3861 alphoni.
385 3776 443 3841 der
461 3781 619 3861 Vignoles
659 3776 770 3845 iustum
791 3802 827 3844 ac
847 3777 969 3845 neceffa
991 3796 1076 3855 erat,
1113 3781 1154 3843 do
1217 3796 1221 3805 ’

124 3882 250 3963 maist.
267 3884 342 3941 erit.
358 3881 400 3945 de
414 3882 539 3967 laRep.
560 3881 619 3945 des
660 3884 732 3949 locu
759 3882 891 3947 deceffit.
954 3885 1027 3947 atto
1056 3884 1185 3981 modo)

125 3984 250 4045 lettres
271 3984 310 4047 T.
324 3985 378 4049 XI.
398 3986 477 4060 XII,
509 3991 562 4071 qui
585 3990 619 4053 in
660 3988 766 4052 locum
779 3986 863 4049 hunc
886 3991 1026 4051 tractauit
1038 3986 1078 4049 de
1091 3988 1156 4051 Ve-

126 4087 255 4149 candem
294 4087 477 4151 sententiam
512 4089 619 4153 lectio·
660 4088 798 4173 spafiano
829 4091 932 4153 Valet.
953 4088 1039 4162 ΕΗ,
1058 4092 1095 4152 16
1111 4087 1155 4171 sq.

127 4210 200 4253 nem
220 4172 341 4253 Manilii
359 4192 400 4265 11,
423 4194 486 4273 507
509 4192 618 4267 trahit:
662 4215 736 4255 oum
750 4196 964 4272 iamgeuitor
978 4191 1101 4253 lucebit
1111 4188 1156 4253 ab
1173 4251 1187 4305 Ι

129 4308 244 4353 contra
266 4293 485 4376 Capricornus
513 4298 550 4358 iu
571 4301 619 4379 ip·
662 4299 754 4361 omni
770 4311 870 4383 parte
888 4296 963 4381 poli
975 4293 1038 4380 sqq.
1078 4378 1082 4387 ι
