2942 5067
369 406 446 483 nto
692 394 992 473 Excvttsvs
1022 400 1090 473 111

369 586 424 649 Gr.
449 602 476 645 c.
497 582 518 647 8
538 600 609 643 cum
631 578 761 645 casaub.
783 583 824 643 ati
843 584 928 645 Suet.
949 584 1021 647 Tib.
1041 608 1094 666 70,
1114 602 1148 655 et
1163 584 1265 650 Dauii.
1282 587 1319 647 ad
1334 586 1385 646 Cio

369 694 409 757 de
432 692 470 750 N.
493 690 534 749 D.
554 688 600 764 11,
630 694 672 770 64
701 696 765 775 egit
793 692 935 773 Toupius
963 698 999 754 in
1022 691 1117 775 Epist
1145 700 1211 757 crit.
1236 715 1303 777 pag.
1330 696 1388 763 161,

281 855 284 865 ,
369 798 545 881 (Emendat.
559 818 662 859 nouae
677 798 751 859 edit.
766 798 826 859 To.
844 798 884 871 11,
905 820 938 881 p.
953 802 1029 881 θοι)
1058 806 1159 885 etqui
1173 804 1242 874 alia,
1262 820 1345 885 quun
1361 802 1389 858 in

367 926 450 991 quae
472 910 497 966 ia
518 906 679 1008 inciderat,
703 906 817 978 atmlit,
836 906 1029 969 Fontaninus
1051 912 1086 970 in
1103 907 1179 971 Httt
1202 910 1258 971 litt.
1275 906 1387 991 Aquini

366 1034 399 1099 p.
416 1034 455 1095 ²9
468 1010 545 1095 sqq.·
575 1008 776 1073 Defideratur
793 1027 898 1073 temen
918 1013 969 1073 vel
988 1010 1029 1075 fic
1050 1010 1127 1077 iusta
1142 1017 1183 1079 de
1198 1038 1238 1079 eo
1252 1032 1389 1077 commen·

365 1126 454 1183 tutio.
504 1119 685 1179 Laudentur
713 1140 763 1200 ap.
784 1117 892 1201 steph.
918 1120 991 1205 Byr.
1018 1138 1051 1183 et
1069 1121 1183 1185 Athen.
1204 1120 1388 1205 Euphorionis

365 1220 517 1297 Χιλιᾶδες.
561 1224 613 1285 Est
629 1244 724 1305 porro
747 1226 788 1285 de
809 1247 849 1287 eo
871 1226 987 1287 Suidue
1007 1228 1094 1291 iocus
1118 1233 1153 1293 in
1174 1226 1333 1313 Εὐφορίων,
1362 1229 1389 1283 in

364 1354 430 1420 quo
452 1336 482 1395 ei
506 1330 683 1392 tribuuntur
703 1352 818 1413 opera:
853 1330 1003 1409 Ἡσίοδος,
1031 1336 1183 1419 Μιψοτίιι
1212 1324 1232 1421 ἢ
1255 1326 1387 1398 'Arum

364 1439 540 1521 Mopsopia
561 1435 604 1499 est
626 1438 711 1499 idem
738 1454 832 1523 atque
852 1441 971 1511 Attica3
1007 1460 1082 1503 natu
1110 1448 1266 1527 antiquina
1290 1456 1388 1501 nomen

364 1548 442 1613 illud
455 1548 513 1607 fuit
528 1544 568 1606 ab
582 1544 744 1607 Oceanide
755 1545 938 1629 Mopsopia:
965 1547 1047 1613 uati
1065 1542 1154 1624 tiano
1176 1548 1227 1617 τοῦ
1247 1540 1388 1630 ποιήματος

330 1734 333 1741 .
364 1652 555 1723 ἀποτείνεται
578 1658 620 1723 aie
647 1645 703 1736 τήν
731 1647 885 1737 Ἀπιιιῆν.
928 1654 1029 1731 (mule
1061 1656 1217 1717 adiectum
1251 1660 1284 1715 in
1310 1650 1388 1712 suida
1430 1695 1436 1712 .

363 1756 504 1847 χιλιάδα,
525 1764 585 1820 iem
601 1760 774 1821 deletuma
795 1761 934 1841 Toupio,
955 1758 1075 1823 *minua
1096 1778 1205 1825 tamen
1230 1762 1309 1824 bene
1333 1778 1387 1819 utu·

364 1885 466 1933 tatum
488 1870 522 1927 in
545 1860 705 1949 χιλιάδες).
755 1866 944 1950 Respexerat
965 1870 1000 1929 in
1023 1890 1064 1931 eo
1087 1890 1187 1950 opere
1208 1890 1263 1930 eos
1281 1868 1330 1951 qui
1346 1864 1390 1923 de·

362 1974 465 2061 pofito
488 1994 560 2035 eum
581 1972 801 2037 iraudeuerant
821 1974 1033 2058 docueratque
1054 1996 1110 2037 eos
1130 1992 1246 2039 certam
1270 1990 1387 2056 poenam

363 2084 491 2145 daturos
509 2076 571 2148 effe
592 2083 729 2161 periurii.
773 2080 853 2144 Inde
876 2081 1027 2143 deductus
1047 2082 1153 2144 'iuuat
1175 2084 1216 2145 ad
1235 2078 1388 2163 colligenda

357 2189 498 2273 praeuia,
519 2208 598 2271 quae
612 2208 670 2269 per
692 2186 823 2269 spatium
840 2186 927 2249 utile
943 2207 1098 2251 annorum
1111 2191 1236 2271 prodita
1250 2205 1340 2261 erant,
1361 2197 1388 2245 et

361 2311 509 2368 euentus,
538 2314 617 2377 quor
640 2294 692 2355 itta
712 2292 895 2355 habuerant.
943 2296 1031 2357 Haec
1051 2294 1157 2358 saltem
1174 2301 1257 2359 inter
1275 2295 1304 2357 ie
1322 2311 1387 2379 quo·

361 2402 530 2466 dammodo
553 2404 756 2462 conueniunt.
809 2402 851 2462 At
871 2402 980 2463 Suidas
1003 2418 1056 2463 aut
1078 2403 1160 2464 male
1186 2404 1325 2485 exscripta
1342 2412 1386 2461 aut

316 2526 320 2533 '
359 2508 549 2592 interpolate
570 2505 705 2569 subiicit:
728 2495 796 2573 ιῘιιι
815 2502 937 2585 συνάγει
960 2503 1007 2574 tot
1027 2508 1139 2590 χιλίων
1154 2511 1232 2577 ἐτῶν
1250 2500 1388 2595 χρησιινῦι

362 2614 644 2687 ἄπιτελισθὲντιις.
663 2613 706 2674 de
722 2615 865 2677 oraculis
875 2636 941 2699 per
953 2614 1045 2675 nuilla
1058 2636 1227 2677 annorum
1236 2614 1388 2693 decadum

360 2740 483 2787 euentu
503 2721 668 2807 probatis,
693 2722 807 2785 scilicet
820 2721 874 2783 suo
888 2738 920 2783 vt
933 2721 1083 2806 quodque
1098 2738 1243 2806 tempore
1258 2740 1387 2788 euentum

359 2834 513 2906 habuerit,
540 2846 574 2892 vt
595 2828 679 2892 orsus
700 2830 782 2891 iorte
804 2826 879 2890 effet
895 2828 1009 2890 librum
1028 2830 1104 2891 inde
1126 2830 1166 2891 ab
1183 2834 1387 2917 Argonauticit,

357 2944 515 3027 ¹Seqttutua
542 2942 576 2999 in
603 2936 664 3000 hoc
691 2953 757 2999 erat
782 2933 969 3017 Euphorion
994 2938 1136 3019 exempla
1162 2940 1306 3013 aliorum,
1343 2936 1387 3021 qui

360 3042 519 3135 xppopwtit
542 3046 749 3130 collegerunt:
785 3048 869 3105 inter
889 3064 968 3127 quos
981 3042 1186 3107 Philochorus
1204 3046 1276 3121 iuit,
1301 3042 1387 3109 Atthi·

359 3158 419 3220 dos
446 3156 590 3235 scriptor,
626 3158 660 3217 ἐν
680 3154 741 3223 τοῖς
764 3151 836 3236 περὶ
864 3148 1009 3234 μαντικῆς
1030 3145 1074 3216 Δ’.
1099 3172 1149 3234 ap.
1174 3152 1322 3214 Plutarch.
1354 3150 1386 3211 de

359 3262 451 3348 Pyth.
466 3264 557 3323 Orac.
573 3282 605 3341 p.
622 3262 686 3339 403
704 3259 741 3319 E.
784 3258 932 3340 Sequitur
946 3260 981 3317 in
994 3256 1072 3320 fine:
1100 3259 1161 3324 etei
1181 3262 1214 3326 ii
1234 3257 1339 3344 βιβλία
1357 3256 1384 3321 ἕ·

356 3364 563 3453 ἐπιγράφεται
586 3366 618 3431 δὲ
638 3364 657 3450 ἦ
679 3365 806 3449 πέμπῃ
826 3355 933 3444 χιλινὶς
953 3364 1026 3449 περὶ
1044 3364 1208 3449 χρησμόν,
1237 3364 1275 3436 oie
1291 3362 1386 3446 xtht'ttt

357 3476 433 3543 troie
451 3472 677 3539 ἀποτελοῦνται.
703 3472 810 3532 vltitna
831 3470 913 3531 male
933 3468 972 3530 ab
994 3471 1220 3553 interpolatore
1239 3468 1382 3535 necatore.

358 3586 508 3646 Ceterum
527 3578 605 3641 haec
627 3580 684 3637 viri
707 3576 791 3637 docti
810 3580 853 3637 ita
874 3576 1083 3657 accipiebant,
1114 3594 1147 3639 vt
1168 3600 1248 3662 opus
1270 3578 1340 3641 illud
1355 3580 1384 3635 in

356 3698 497 3777 quinque
520 3684 677 3748 Chiliadet
701 3682 831 3744 diuisum
853 3698 1018 3765 putarent,
1047 3706 1178 3768 querum
1199 3692 1305 3771 quintu
1325 3680 1386 3765 rapi

358 3795 506 3884 χρησμῶν
527 3794 670 3874 inscripta
686 3786 771 3857 effen
811 3791 853 3852 At
874 3792 1016 3873 Toupius
1030 3786 1178 3866 Xthttiioet
1198 3815 1278 3875 opus
1296 3790 1383 3852 [tatuit

358 3904 510 3967 diuersum
526 3895 612 3961 iuiffe
628 3898 840 3981 aMopiopiu:
862 3902 1005 3984 quintum
1023 3898 1138 3960 librum
1158 3900 1230 3985 περ)
1249 3894 1383 3985 χρησμῦι

355 4010 535 4093 inscriptum
554 4006 651 4071 tuitio.
702 4009 736 4071 Si
763 4022 869 4068 tamen
895 4006 979 4068 mille
1006 4003 1039 4067 hi
1064 4010 1139 4068 anni
1166 4010 1281 4090 quinto
1308 4002 1381 4065 libro

302 4196 305 4205 Δ
354 4139 474 4183 nomen
495 4109 632 4199 χιλιάδος
652 4114 784 4177 dedere:
818 4114 901 4175 vnde
925 4111 1037 4195 quaeio
1061 4130 1196 4198 quatuor
1216 4114 1306 4172 ceteri
1323 4104 1383 4167 libri

355 4226 418 4290 hoc
440 4226 523 4287 idem
544 4222 725 4283 chiliadem
744 4242 863 4283 nornen
884 4218 1044 4281 habuere?
1087 4236 1140 4281 aut
1169 4218 1260 4303 quale
1289 4230 1384 4276 earum

356 4349 574 4421 argumentum
602 4328 689 4394 tuitio
718 4330 871 4406 dicemus,
913 4308 1047 4413 quod'a
1073 4328 1245 4391 millenario
1265 4337 1382 4388 numero
