2942 5067
199 542 205 583 l

365 462 460 513 aun
685 422 1078 500 PRAEFATIO
1177 469 1182 479 ·

369 660 568 727 verterem,
615 654 713 733 quae
734 628 866 730 pulcra
886 634 926 702 in
949 646 1064 729 poeta
1087 645 1127 702 et
1144 624 1335 729 praeclara
1355 632 1426 702 in-

371 778 538 879 signique
553 768 678 867 aliqua
691 764 880 839 venustate
895 763 1089 837 nobilitata
1107 762 1199 855 sunt,
1213 783 1252 835 vt
1265 764 1424 857 iisdem,

371 920 412 991 in
433 910 511 985 aliis
535 909 675 1009 poetis,
708 898 785 975 siue
810 898 1048 976 obseruandis
1067 926 1111 973 ac
1127 898 1427 1000 deprehenden-

375 1050 430 1125 dis
454 1042 530 1117 saue
547 1034 813 1129 diiudicandis,
837 1033 1102 1110 adsuescerent.
1155 1037 1280 1131 Quam
1301 1040 1428 1111 inter.

374 1200 522 1288 preturn
547 1168 622 1250 stite
640 1120 844 1249 sollertiam
867 1168 942 1244 siue
965 1168 1180 1243 industriam
1202 1195 1289 1245 cum
1309 1171 1430 1275 saepe

282 1288 287 1298 .
373 1324 415 1394 in
429 1312 563 1417 puerili
577 1311 744 1385 lectione
761 1304 1017 1396 desiderarim,
1042 1303 1201 1378 aliorum
1213 1294 1308 1380 totis
1322 1306 1429 1382 sami-

375 1455 473 1533 libus
503 1449 583 1523 satis
611 1445 735 1521 facere
763 1444 839 1517 hoc
866 1438 1032 1514 instituto
1060 1440 1180 1534 volui,
1235 1438 1429 1543 simulque

378 1584 592 1687 exemplum
612 1603 826 1683 proponere
848 1580 909 1669 iis,
940 1580 1006 1677 qui
1021 1576 1092 1649 alia
1108 1576 1210 1651 bona
1227 1574 1427 1677 disciplina

377 1722 426 1802 vll
447 1748 527 1795 non
549 1714 648 1808 sunt,
675 1734 713 1787 rt
727 1692 910 1804 habeant,
941 1711 990 1784 ad
1005 1708 1110 1830 qnod
1124 1709 1160 1785 se
1174 1732 1427 1813 componant,

269 1912 275 1921 .
377 1858 470 1939 siin
497 1850 654 1929 iuuenili
685 1867 800 1925 coetu
827 1867 960 1949 poetas
985 1846 1211 1949 praelegunt
1237 1867 1278 1922 et
1303 1854 1427 1922 inter·

377 2008 583 2100 pretantur.
650 1989 889 2087 Quamquam
917 1986 1018 2059 enirn
1050 1982 1115 2057 illa
1141 1988 1236 2058 ratio
1264 1980 1431 2060 difficul-

379 2135 464 2206 tatis
492 2126 742 2225 aliquantum,
785 2118 913 2222 paullo
935 2118 1019 2219 plus
1051 2124 1163 2193 etiam
1216 2120 1257 2191 in
1287 2117 1323 2193 se
1357 2120 1431 2195 ha·

379 2265 463 2354 bet,
512 2284 625 2361 quam
648 2261 869 2357 promittere
892 2252 1056 2341 videtur3
1106 2250 1184 2329 siue
1205 2255 1272 2328 tali
1294 2276 1427 2357 tamen

380 2396 698 2497 interpretationis
728 2416 866 2491 genere
886 2395 947 2464 vix
967 2388 1060 2463 vllus
1081 2414 1188 2464 verus
1210 2388 1351 2466 fructus
1374 2394 1430 2465 ad

292 2542 296 2549 '
383 2533 605 2633 elegantiam
628 2506 666 2601 et
687 2530 828 2626 ingenii
849 2524 1139 2627 perpositionem
1159 2545 1225 2600 ant
1244 2532 1428 2604 orationis

293 2710 296 2727 ι
385 2670 670 2745 exornationem
694 2648 904 2762 expoetae
922 2660 1087 2734 lectione
1106 2666 1190 2761 capi
1210 2660 1343 2763 potest.

474 2802 593 2875 Poeta
620 2795 697 2898 ipse
726 2818 774 2870 ex
808 2798 1011 2869 Burmanni
1043 2792 1263 2871 recensione
1270 2852 1280 2890 ,
1326 2822 1432 2901 quae

383 2924 625 3039 Heinfianam'
645 2930 826 3033 sequitur,
866 2934 980 3005 unice
1001 2925 1187 3031 expressus
1211 2929 1319 3027 est3')
1353 2961 1432 3011 neo

328 3124 340 3149 .
386 3080 591 3178 quicquam
610 3074 651 3141 in
673 3082 853 3143 contexto
875 3084 1079 3158 mutatum
1115 3092 1196 3141 non
1221 3067 1326 3169 quod
1346 3095 1433 3145 non

384 3208 472 3285 loca
494 3212 534 3279 in
549 3200 704 3301 Virgilio
720 3200 845 3274 adhuc
860 3217 926 3272 aut
939 3198 1080 3274 mendo
1096 3220 1162 3275 aut
1176 3202 1306 3277 mendi
1321 3202 1433 3305 suspi-

389 3348 503 3420 cione
522 3320 695 3415 laborare
711 3324 933 3429 existimem,
953 3362 1083 3412 verum
1099 3342 1280 3438 quoniam
1294 3364 1433 3440 magna

388 3476 523 3553 harum
544 3475 824 3548 correctionum
846 3496 931 3571 pars
948 3470 997 3543 ad
1019 3468 1159 3545 sensum
1174 3500 1307 3574 parum
1328 3474 1430 3577 spec-

390 3628 463 3702 tat,
495 3632 568 3683 nec
586 3605 727 3705 vbique
744 3603 794 3691 ad
810 3610 990 3681 orationis
1004 3604 1245 3708 elegantiam,
1272 3608 1335 3685 sed
1350 3610 1433 3712 ple-

385 3768 546 3845 rumque
566 3746 607 3814 in
628 3740 750 3816 verbis
772 3760 811 3817 et
830 3740 1001 3818 sonnulis
1020 3739 1202 3833 versatur,
1234 3744 1431 3847 inquibus

219 3857 223 3867 ¹
262 3944 268 3951 .
383 3875 542 3969 librarii,
568 3882 815 3977 grammatici,
851 3882 987 3970 critici,
1027 3895 1066 3952 et
1086 3876 1250 3953 editores
1273 3898 1431 3956 conten·

386 4012 478 4089 dere
499 4018 595 4086 iuter
618 4009 653 4087 se
678 4010 811 4105 solent,
840 4028 881 4083 vt
900 4012 1005 4113 quod
1021 4014 1112 4086 alius
1130 4016 1310 4106 eiecerat,
1333 4014 1430 4091 alter

382 4164 550 4225 reuocet.
603 4150 771 4225 Omnino
794 4165 921 4219 autern
937 4151 979 4221 in
1003 4144 1220 4225 recensione
1240 4146 1427 4253 scriptoris

424 4315 625 4397 *)1aprima
647 4314 762 4378 scilicet
782 4294 934 4378 editione.
1032 4362 1034 4368 .
