2942 5067
160 448 167 473 .
218 380 536 473 runrrtn
576 378 944 489 rotrto‘ms
1055 420 1154 501 xm

104 576 271 679 ridebis
291 607 464 707 genere
482 573 796 681 characterum
817 546 1005 683 diuerso.
1035 637 1041 648 ·
1062 584 1153 679 Or-

100 760 314 839 ramenta
335 720 473 851 libro*
493 768 599 829 aere
614 735 829 863 expreffa,
856 739 1035 833 liberali
1056 742 1151 840 for-.

100 922 313 999 umatum
341 904 607 1031 erogatione
636 929 665 989 a
693 898 977 1016 redemtore,
1012 907 1149 1028 Casp.

100 1062 328 1181 Fritsckio
362 1060 502 1177 facto,
539 1061 761 1171 debentur
785 1066 968 1194 ingenio
997 1088 1043 1160 et
1065 1073 1152 1175 arti

100 1228 440 1325 lo.D,omcm'ci
460 1226 678 1331 floritio,
736 1256 862 1321 nunc
889 1224 1149 1355 Profefforis

100 1386 376 1481 Academiae
391 1388 620 1535 Georgiae
635 1389 861 1517 Augustae
864 1422 883 1505 ς
910 1422 1148 1520 argumem

103 1553 151 1641 tir
177 1582 233 1659 ex
266 1550 490 1674 antiquae
523 1552 630 1641 artis
652 1550 958 1674 operibusita
980 1561 1150 1687 petitisq

104 1736 143 1812 rt
161 1746 270 1805 cum
291 1708 392 1840 ipso
423 1715 622 1805 carmine
642 1734 724 1825 aut
748 1744 856 1825 cum·
879 1718 1145 1833 Excurfibuc
1277 1742 1283 1753 '

11 2004 12 2011 Ν
103 1874 245 2001 eliqua
272 1906 333 1965 ex
358 1894 490 2001 porte
510 1876 805 1991 conueniant,
849 1900 898 1976 vt
916 1878 1146 2005 voluptati

103 2066 151 2130 ex
165 2034 370 2131 lectione
388 2059 556 2165 poetae
578 2061 823 2163 perceptae
846 2042 1034 2136 accedat
1055 2042 1146 2147 eiia

11 2170 13 2175 ,
103 2196 344 2293 oblectatio
376 2198 498 2293 oculi
526 2201 758 2325 animique
784 2194 840 2293 eir
863 2204 1144 2333 ¹contemplo

11 2416 13 2447 ;
101 2364 216 2456 tione
237 2365 310 2455 rei
331 2392 441 2453 cum
461 2364 664 2453 carmine
703 2385 926 2495 cognatae
957 2387 1003 2462 et
1032 2397 1144 2462 con-

101 2524 289 2631 iunctae.
366 2527 472 2616 Hoc
502 2527 626 2632 enim
654 2496 768 2617 illud
795 2528 875 2643 est,
925 2531 1053 2655 quod
1082 2534 1141 2641 ab

101 2712 287 2815 rtroque
307 2710 465 2779 ¹rerum
483 2718 645 2817 genere
668 2715 978 2817 expectamus,
1008 2715 1057 2787 vt
1072 2698 1142 2785 iu-

103 2852 332 2961 cunditate
358 2846 779 2963 honesta‘animum
798 2848 1139 2977 perfundamus,

100 3046 294 3141 eumque
308 3010 452 3103 modo
469 3013 751 3141 grauioribus
774 3012 918 3105 modo
941 3012 1138 3124 molestis

100 3182 209 3271 curis
224 3174 480 3300 smdiisque
497 3172 652 3277 fessum
668 3166 941 3289 recreemus,
964 3172 1134 3269 sensum

101 3362 249 3440 tutem
272 3312 426 3467 pulcri
446 3358 493 3431 et
510 3370 686 3451 cnmeo
701 3335 868 3447 ienfimt
882 3340 977 3432 veri
994 3360 1041 3429 et
1051 3336 1136 3439 h0-,
1217 3388 1224 3401 =

99 3504 208 3597 nefti·
232 3530 475 3613 acuamus;
511 3470 751 3593 fatendum
770 3504 893 3592 enim
911 3498 1046 3613 nobis
1071 3503 1135 3620 est

99 3664 166 3756 vel
189 3666 368 3777 inuitis,
415 3663 475 3755 ad
497 3656 777 3755 honestatem
801 3687 847 3756 et
869 3693 1025 3757 veram
1048 3656 1135 3755 hu·

102 3830 362 3919 manitatem
389 3848 543 3918 mente
573 3822 883 3917 imbibendam
912 3802 1134 3917 maiorem

103 3990 190 4081 vim
206 3986 376 4082 habere
402 3986 571 4082 sensum
602 3990 742 4079 enimi
770 4008 891 4081 recte
916 3984 1134 4078 informa·-

107 4168 214 4265 tum,
245 4148 472 4247 bonarum
492 4182 643 4243 rerum
664 4144 875 4275 adspectu
895 4170 940 4243 et
961 4149 1132 4281 cogita·

152 4318 264 4393 Tou.
281 4320 301 4391 1
733 4314 760 4390 b
782 4315 789 4335 ‘
