2942 5067
297 390 536 469 emotus
570 388 878 469 EDITIONIS
1054 418 1135 469 ιιι

92 602 185 679 dicta
205 602 247 673 in
277 596 374 673 alios
403 594 520 673 laude
544 592 607 672 seu
628 599 763 671 merita
784 594 847 673 feu
869 598 1054 675 immite
1074 624 1134 703 qr.

88 757 193 811 natos
212 732 402 823 iaciendi,
441 749 525 823 eut,
560 749 600 806 rt
621 729 777 825 babens,
818 757 897 835 qno
918 754 986 808 eor
1008 736 1137 835 explo-

89 872 169 961 dns,
193 869 244 945 ab
266 872 316 943 iia
340 866 443 942 dictu
457 866 697 967 hpndenter
718 866 982 943 columnlnndi·
1033 870 1136 965 Con·

89 1026 142 1081 na
160 1022 315 1107 gratum
336 1002 432 1076 mibi
455 1020 493 1077 et
515 1001 724 1075 iucundum
744 1004 984 1105 ingenuoque
1002 1002 1135 1113 indole
1297 998 1307 1019 ⁸

91 1143 242 1243 dignum
261 1136 386 1213 visum
404 1132 475 1228 est,
500 1134 667 1237 profiteri
680 1162 750 1239 per
770 1156 866 1240 quos
882 1132 1134 1240 proferimur,

92 1304 226 1381 meque
243 1272 414 1349 meliora
430 1268 582 1347 edoceri
604 1298 626 1345 a
645 1271 861 1349 melioribus
881 1291 996 1375 etque
1019 1280 1132 1351 etiam

92 1413 222 1505 refelli,
256 1414 394 1485 animo
415 1432 538 1509 aequo
558 1404 658 1501 fero,
698 1426 738 1483 et
757 1430 847 1483 vero
867 1415 980 1485 etiam
997 1408 1129 1489 laetor.

95 1544 431 1645 Quemadmodum
454 1564 597 1633 tumen,
627 1546 751 1617 minus
769 1562 872 1619 recte
889 1543 1032 1647 aliquid
1052 1548 1130 1626 dio-
1229 1580 1232 1589 ·

96 1702 169 1757 tum
188 1681 275 1775 elle,
302 1679 419 1757 facile
436 1677 625 1755 interdum
647 1674 698 1752 est
716 1676 1030 1775 animaduertere3
1054 1708 1132 1787 qua

97 1836 213 1893 nmen
239 1821 286 1890 in
314 1841 360 1892 re
388 1819 522 1891 erroris
550 1832 786 1889 momentum
817 1813 949 1910 latent,
967 1877 971 1883 .
992 1817 1129 1919 dicere,

93 1971 129 2028 et
151 1952 313 2029 nebulas
337 1953 474 2025 erroris
507 1946 671 2024 obiectas
711 1944 789 2024 fine
820 1949 935 2053 longa
966 1950 1132 2055 disputo.

7 2094 8 2103 ’
92 2092 208 2181 tione,
240 2082 466 2187 dispellere,
491 2080 641 2159 difficile
659 2078 727 2157 est:
763 2088 816 2156 ita
835 2084 996 2162 multum
1015 2092 1136 2188 inter-

90 2220 179 2295 dum
197 2216 386 2297 oonsumli
413 2244 568 2320 operae,
602 2236 642 2291 rt
661 2242 735 2293 ruo
756 2215 873 2295 verbo
893 2226 1028 2299 erroris
1044 2221 1129 2325 lon·
1170 2208 1175 2217 ⁴

91 2374 164 2431 tem
185 2374 226 2431 et
246 2353 414 2430 enullam
434 2354 680 2445 declararem,
711 2371 778 2427 aut
796 2372 835 2429 vt
852 2352 948 2431 illud
964 2352 1143 2461 appone?

90 2516 184 2584 rem,
236 2518 319 2595 quo
361 2489 468 2566 limili
498 2490 658 2563 aliorum
696 2492 813 2564 errori
852 2514 1128 2599 occurrereturz

90 2652 174 2703 enm
193 2628 317 2703 modo
338 2626 441 2700 vsum
456 2624 638 2725 loquendi
658 2628 869 2726 poetic'um,
898 2628 1017 2704 modo
1037 2656 1130 2737 poe·

88 2748 203 2839 ticum
222 2760 387 2865 aliquod
407 2756 639 2861 phantasma,
663 2758 781 2834 modo
795 2760 998 2855 mythicam
1017 2771 1131 2867 ratio·
1164 2771 1168 2783 '

92 2920 174 2973 nem
196 2922 339 3001 pamm
371 2870 478 2973 recte
506 2898 626 2970 teneri
647 2892 826 2968 viderem.
877 2872 973 2971 'Sed
999 2905 1132 2997 monui

93 3030 168 3109 lere
185 3032 308 3110 verbo
328 3050 494 3123 tantnm3
542 3025 755 3105 cuiusmodi
781 3006 1011 3105 linonnulle
1032 3031 1132 3112 forte

90 3186 310 3261 occurrent,
353 3192 470 3269 qnae,
508 3188 576 3239 cnr
599 3189 622 3236 a
642 3188 705 3240 me
734 3160 902 3265 appolita
925 3163 1016 3258 lint,
1050 3194 1131 3275 non

92 3300 209 3379 latim
221 3300 367 3404 alleqni
381 3296 491 3403 pollit
504 3298 625 3375 lector
636 3296 763 3405 paullo
777 3303 940 3375 acutiora
962 3300 1131 3409 respectu

95 3436 143 3512 ad
156 3438 387 3512 nobiliorem
400 3434 563 3535 aliquem
576 3436 931 3530 commentatorem,
958 3444 1129 3545 quamuis
1205 3437 1209 3446 '

95 3596 198 3649 ame
221 3597 304 3646 non
322 3576 589 3661 nominatum,¹
619 3566 768 3664 habito,
817 3571 964 3647 adiecta
990 3598 1036 3649 ea
1056 3566 1130 3650 effe
1253 3626 1259 3631 -

98 3710 323 3798 numen,
353 3724 412 3797 rt,
446 3728 534 3779 cum
551 3706 619 3779 riri
641 3708 754 3781 etiam
775 3703 939 3809 domiin
962 3730 1049 3783 eum
1072 3733 1129 3816 er·

100 3866 216 3919 rorem
232 3838 352 3918 ellent
371 3838 535 3939 abrepti,
561 3836 801 3934 adolescens,
826 3846 893 3944 qui
913 3846 955 3917 in
972 3838 1128 3919 lirnilem
1248 3902 1253 3909 .

102 4000 256 4054 errorem
274 3994 344 4052 aut
358 3968 616 4051 difficultatem
633 3980 750 4051 autin
770 3976 934 4054 eundem
941 3956 1128 4081 'interpre-

104 4114 374 4205 teninciderit,
405 4104 691 4213 statimbabeat,
724 4136 801 4214 quo
818 4138 906 4188 eum
919 4110 1127 4214 redargunt.

103 4246 263 4327 Geernm
288 4272 379 4326 eam
397 4238 547 4349 legem,
590 4270 686 4350 quae
710 4250 911 4351 rnicuique
932 4250 1130 4350 interpreti
