2942 5067
234 2572 418 2724 Te
459 2637 770 2717 quoque
782 2667 805 2707 ,
884 2637 1156 2716 magna
1215 2609 1473 2705 Pales,
1552 2630 1629 2686 et
1692 2628 1772 2689 te
1825 2614 2322 2690 memorande

1490 2773 1847 2825 canemus

234 2879 494 2958 Pastor
517 2882 611 2958 ab
641 2882 1050 2987 Amphryso
1066 2912 1086 2976 ;
1139 2907 1296 2977 vos»,
1327 2880 1554 2958 filuae
1581 2909 1993 2986 amnesque
2022 2887 2317 2978 Lycaei.

397 3086 430 3122 2
459 3068 777 3141 Amphreso
823 3068 1022 3125 Medic.
1126 3070 1473 3148 Ampheyffo
1518 3068 1826 3132 Romanum
1899 3083 1968 3123 at·
1994 3035 2315 3142 Amphrj‘so

232 3153 423 3227 fragm.
466 3155 640 3209 Vatic.

233 3242 446 3295 Tuetut
478 3239 770 3315 [implicem
823 3242 1050 3297 litteram
1101 3244 1332 3298 Brunck.
1387 3240 1457 3296 ad
1510 3240 1763 3313 Apollou.
1826 3257 1879 3297 et
1931 3258 2101 3297 recte:

314 3418 369 3459 x.
408 3418 465 3460 2.
501 3398 689 3460 Nunc
717 3420 848 3465 rem
879 3407 1234 3482 pecuariam

235 3500 578 3584 aggrediar.
699 3503 824 3564 Pro
880 3524 955 3565 ea
998 3504 1230 3578 Palem,

233 3602 419 3665 deam
462 3600 871 3685 pastoritiam,
937 3623 1000 3668 et
1040 3608 1234 3689 Apol-

227 3705 427 3767 linem
447 3706 766 3784 Nomium,
804 3724 870 3770 et
895 3711 1229 3794 Lycaeum,

229 3809 535 3871 Arcadiae
592 3828 874 3874 montem
930 3816 1085 3875 Pani
1142 3812 1233 3874 sa-

234 3934 434 3986 crum,
483 3930 808 3976 memorat.
901 3916 1232 4001 Amphry-

209 4015 344 4093 sus
390 4014 773 4095 Thess'aliae,
852 4036 918 4082 et
976 4022 1231 4105 quidem

227 4116 638 4195 Phthiotidis,
690 4137 914 4183 notum
958 4122 1231 4195 flumem

233 4222 318 4282 ad
424 4224 598 4306 quod
688 4227 918 4309 Apollo
1031 4227 1229 4290 boues

226 4322 466 4407 pauiffe
509 4326 764 4403 dicitur,
820 4351 965 4390 cum
1002 4331 1232 4392 Adme-

533 4504 580 4524 s

1286 4265 1296 4270 »
1315 4223 1553 4310 quendi

723 3157 946 3211 variant
998 3156 1188 3211 eodem
1233 3155 1401 3210 modo
1452 3153 1610 3210 codd.
1666 3156 1723 3207 in
1772 3154 2106 3210 Callimacho
2154 3171 2208 3210 et
2247 3156 2315 3208 al.

2193 3241 2316 3296 add.

1317 3415 1408 3474 to,
1449 3398 1873 3460 Pheraeorum
1917 3402 2073 3482 regi,
2133 3397 2320 3460 serui·

1315 3518 1447 3577 ret,
1520 3495 1846 3586 ἐθήτευσε.
1926 3503 2050 3565 vid.
2105 3504 2316 3584 Eurip.

1314 3602 1530 3667 Alcest.
1584 3625 1679 3686 pr.
1736 3621 1798 3666 et
1846 3605 2200 3667 Callimach.
2249 3611 2320 3667 in

1315 3709 1521 3791 Apoll.
1566 3715 1647 3788 47
1697 3705 1821 3791 sqq.
1873 3708 2101 3769 Tibull.
2131 3709 2226 3784 11,
2252 3711 2316 3782 3,

1325 3833 1419 3872 11.
1463 3809 1576 3881 111,
1607 3817 1669 3888 4,
1697 3813 1799 3890 67.
1843 3803 1844 3806 “
1887 3810 2056 3872 Nota
2081 3811 2313 3873 fabula.

1313 3909 1618 3996 Expreffit
1664 3914 1870 3974 locum
1911 3915 2143 3975 Lucan.
2192 3914 2313 3989 VI,

1314 4020 1463 4085 368.
1553 4013 1787 4093 Pastor
1820 4015 1907 4075 ab
1939 4018 2313 4100 Amphryso

1314 4143 1434 4206 pro
1495 4116 1921 4204 Amphi-ysius,
1991 4140 2168 4181 more
2222 4120 2319 4180 lo-

1676 4222 1889 4303 paullo
2010 4223 2309 4283 doctiore.

1316 4332 1558 4390 Graece
1662 4324 1895 4385 diceres
1918 4345 1935 4384 ε
2073 4318 2313 4404 Nep-8133
