2942 5067
343 378 394 453 72
546 294 1156 425 nvtnonnnanonts

346 543 395 614 Iit
420 563 514 638 quo,
543 534 606 610 led
625 533 752 610 faciles
772 535 967 638 Nymphae
985 531 1112 625 risere,
1137 531 1283 608 sacello.

348 702 391 750 aa.
404 675 523 765 Tum,
547 671 683 762 credo,
705 696 824 773 quum
835 695 898 746 me
912 667 1100 747 arbustum
1120 670 1249 746 videre
1267 671 1411 744 Mico-

970 803 1029 878 nis
1356 829 1411 876 10

275 967 278 974 ·
352 943 480 1041 Atque
507 942 608 1015 mala
633 943 715 1013 vitis
735 937 904 1013 incidere
926 936 1023 1013 laice
1046 936 1227 1011 nouellas.

352 1104 391 1150 n.
410 1078 487 1148 Aut
501 1179 507 1187 ἢ
522 1075 585 1151 hie
604 1074 668 1148 'ad
691 1093 836 1150 veteres
867 1070 990 1194 fagos,
1038 1100 1155 1179 quum
1181 1071 1415 1174 Daphnidis

975 1227 1103 1276 aretam

428 1381 459 1416 to
478 1365 607 1419 Miconis
624 1384 696 1418 nanc
715 1362 802 1438 lctipli
823 1365 995 1418 aTlteocrito
1016 1365 1069 1418 hoc
1088 1363 1144 1438 ipso
1158 1363 1234 1423 loco.
1254 1381 1344 1432 quom
1366 1381 1418 1417 ex·

355 1446 469 1521 preffita
495 1449 746 1520 Mtaavosldyll.‘v‚
766 1469 822 1504 112.
857 1450 1100 1522 VulgoMyconia.
1173 1466 1204 1504 ta
1221 1447 1418 1518 Daphnide:

239 1565 249 1595 χ
357 1535 446 1592 Valet.
461 1537 539 1590 Proh.
561 1539 591 1591 ia
601 1537 663 1590 Arte
677 1535 824 1590 Grammat.
841 1535 965 1608 agnoscit.

360 1684 422 1747 hoc
443 1691 527 1749 inter
548 1690 681 1772 argutias
708 1691 860 1768 interpre-
881 1693 1006 1750 ·terias.
1048 1685 1186 1748 Imitatus
1203 1681 1246 1746 est
1260 1682 1347 1760 hoc,
1380 1702 1422 1747 vt

361 1804 427 1849 tum
449 1789 559 1850 barum
576 1792 758 1874 Eclogarurn
782 1790 861 1851 rele-
902 1789 1150 1853 solentho'mines
1163 1791 1255 1872 digna
1270 1787 1422 1872 indigna

245 1911 254 1921 ·
360 1893 512 1965 rendum
549 1895 644 1976 idque
667 1889 861 1952 manifestum
903 1898 1025 1967 imitan',
1043 1894 1227 1974 Calpurnius
1236 1889 1292 1960 VI,
1304 1894 1355 1968 84
1371 1891 1421 1976 sq.

360 1994 406 2066 lit,
434 1994 546 2078 fiquia
565 1995 723 2058 Theocrit„
746 1997 786 2070 V,
809 2004 859 2075 4¹·
903 1997 1106 2077 malafaloa,
1123 1994 1240 2066 obtusa,
1255 1991 1421 2076 rubigine

362 2105 416 2174 42,
439 2100 523 2160 vnde
545 2097 622 2159 haec
645 2095 799 2180 exprella,
828 2114 860 2158 et
902 2099 1005 2174 exesa,
1033 2097 1131 2182 qualis
1160 2095 1221 2158 falx
1246 2101 1346 2156 ramis
1384 2113 1424 2158 et

362 2201 455 2259 Plinii
476 2201 579 2262 locum
608 2202 674 2284 (qui
695 2205 729 2261 in
755 2199 860 2262 nostro
902 2202 1013 2264 vitibus
1047 2215 1134 2260 tanto
1170 2202 1264 2282 magia
1297 2219 1422 2262 nocet.

361 2301 465 2362 Plinio
482 2323 549 2364 non
572 2305 729 2375 occurrit),
758 2303 862 2364 aSer·
903 2304 948 2364 lta
961 2305 1088 2386 exponit
1104 2301 1219 2376 Burin„
1238 2301 1333 2362 docte
1351 2309 1424 2364 vti-

337 2429 341 2436 ·
363 2408 416 2464 vio
431 2405 599 2480 laudatum,
614 2422 783 2488 comparet.
795 2404 864 2484 sed
904 2429 977 2492 que,
993 2422 1027 2468 vt
1039 2419 1147 2466 tamen·
1157 2401 1234 2464 nihil
1247 2401 1323 2462 huic
1333 2403 1423 2470 loco

355 2506 483 2583 faciles
506 2509 677 2588 Nymphae
703 2509 804 2587 nsara
827 2529 860 2569 n.
903 2507 983 2583 infit,
1006 2508 1092 2592 quod
1108 2508 1147 2568 ad
1163 2504 1247 2568 illam
1260 2523 1425 2589 argutam

363 2609 541 2691 sacrilegum
558 2609 619 2673 hoc
633 2612 760 2686 facinus,
791 2627 861 2670 cum
902 2611 1155 2674 rationemferat.
1207 2609 1420 2673 Damnatam

364 2711 416 2771 alii
431 2712 473 2772 dii
487 2712 655 2775 seueriorea
674 2713 707 2773 id
728 2718 862 2794 grauiter
902 2717 1007 2776 furtim
1023 2733 1081 2796 per
1097 2713 1242 2774 malitiam
1256 2715 1338 2773 vites
1364 2719 1424 2778 in-

365 2815 456 2875 vlturi
475 2814 607 2878 iuillant.
641 2813 746 2877 Potest
758 2821 861 2899 itaque
905 2813 1007 2878 cidisse
1027 2837 1063 2876 ac
1090 2811 1254 2897 con-opillo
1280 2813 1422 2880 sufficit.

355 2917 643 2997 facilas·hactenus
658 2917 863 2980 adlasciuiam
904 2923 1098 3001 accipiamus
1149 2921 1254 3001 itaque
1303 2913 1422 3001 fimpl.

364 3020 580 3105 Nympharum
613 3023 736 3094 referri,
782 3043 863 3106 quae
906 3023 1040 3090 malam,
1065 3025 1219 3094 nociuam,
1246 3025 1446 3101 pernicio·¹

366 3123 465 3185 catulla
489 3123 578 3185 huius
600 3124 750 3185 facilitatis
779 3141 863 3186 erat:
905 3125 975 3188 sam.
1004 3123 1118 3184 Tibull.
1138 3123 1245 3197 111,5,
1266 3143 1308 3183 ao
1368 3129 1426 3186 Ee

366 3246 447 3308 qnae
467 3231 595 3308 proprie
621 3230 656 3287 in
679 3230 790 3290 iniuria
820 3229 865 3289 fe·
906 3227 1004 3289 modo
1041 3241 1124 3285 nata
1156 3225 1246 3284 mala
1279 3225 1427 3287 vellera

365 3327 480 3401 aenda,
515 3327 545 3388 h.
568 3329 589 3388 l.
611 3347 630 3388 a
652 3329 766 3390 violata
794 3331 865 3392 reli·
902 3353 1005 3414 poma
1020 3351 1131 3392 manu.
1165 3323 1334 3403 arbtfinm
1352 3351 1428 3408 po-

365 3433 478 3513 glane,
498 3429 659 3512 spectatur.
690 3478 694 3485 .
837 3410 843 3430 ⁸
906 3432 964 3495 test
976 3430 1036 3494 elle
1052 3431 1256 3518 synonymum
1272 3431 1427 3502 vitium,

413 3551 461 3592 to.
497 3554 544 3593 tt.
583 3532 676 3594 Aliud
705 3533 864 3596 Menalca
905 3537 1064 3618 theorg.
1080 3535 1120 3608 11,
1137 3537 1200 3613 416
1224 3537 1295 3593 Iam
1313 3536 1428 3596 vinc-

367 3633 543 3695 Damoataa
579 3633 745 3716 exprobrat
777 3633 865 3720 flagi-
907 3655 963 3700 tae
981 3641 1081 3712 ones,
1118 3640 1187 3696 iam
1198 3637 1330 3718 faloam
1356 3660 1428 3700 ar-

369 3739 446 3796 tium
475 3735 611 3797 malitiae
639 3741 674 3798 in
692 3739 864 3814 Miconem,
906 3741 998 3820 busta
1011 3754 1183 3823 reponunt.
1217 3741 1284 3800 Nec
1299 3756 1427 3806 tamen

366 3839 594 3920 corrumpenda
646 3844 711 3901 eiua
762 3844 861 3904 vinea.
904 3841 1042 3912 neceffe;
1065 3865 1133 3904 cum
1151 3849 1225 3906 vites
1241 3842 1300 3904 sina
1326 3843 1427 3910 latae

365 3939 466 4016 Tum,
506 3942 617 4018 credo,
654 3941 716 4004 hoc
736 3943 862 4021 iactum,
905 3950 987 4007 inter
1003 3946 1127 4008 arborea
1149 3950 1248 4031 iisque
1270 3951 1427 4011 iunctae.

366 4063 437 4109 oum
459 4043 623 4127 Nymphae
646 4047 788 4108 viderunt
812 4071 863 4112 ma
952 4071 999 4110 12.
1029 4049 1254 4112 Recriminatur
1271 4048 1342 4119 laic.
1380 4051 1429 4114 fi-

365 4159 424 4205 etc.
485 4145 572 4207 Noto
600 4153 718 4212 ironiae
748 4171 863 4234 genere
904 4153 1039 4236 mileque
1061 4160 1137 4227 eiua,
1172 4175 1235 4236 quo
1265 4151 1296 4212 le
1325 4159 1428 4234 peti-

365 4234 406 4311 ‹le
425 4245 456 4310 se
474 4251 633 4334 praedicat
650 4251 801 4340 flagitium
822 4255 864 4318 al.
904 4271 970 4318 tum
985 4255 1126 4336 videbat,
1156 4245 1290 4320 ntalitiae
1310 4271 1344 4316 et
1366 4261 1430 4321 in·
