<?xml version="1.0" encoding="UTF-8"?>
<!DOCTYPE html PUBLIC "-//W3C//DTD XHTML 1.0 Transitional//EN"
    "http://www.w3.org/TR/xhtml1/DTD/xhtml1-transitional.dtd">
<html xmlns="http://www.w3.org/1999/xhtml" xml:lang="en" lang="en">
 <head>
  <title>
</title>
<meta http-equiv="Content-Type" content="text/html;charset=utf-8" />
  <meta name='ocr-system' content='tesseract 3.04.00' />
  <meta name='ocr-capabilities' content='ocr_page ocr_carea ocr_par ocr_line ocrx_word'/>
</head>
<body>
  <div class='ocr_page' id='page_1' title='image "./varietatelectio00heyngoog_0335.png"; bbox 0 0 2942 5067; ppageno 0'>
   <div class='ocr_carea' id='block_1_1' title="bbox 438 426 1148 554">
    <p class='ocr_par' dir='ltr' id='par_1_1' title="bbox 438 426 1148 554">
     <span class='ocr_line' id='line_1_1' title="bbox 438 426 1148 554; baseline 0.004 -50"><span class='ocrx_word' id='word_1_1' title='bbox 438 430 499 554; x_wconf 62' lang='lat' dir='ltr'>m</span> <span class='ocrx_word' id='word_1_2' title='bbox 533 426 833 503; x_wconf 71' lang='lat' dir='ltr'><strong>GEORGIGA</strong></span> <span class='ocrx_word' id='word_1_3' title='bbox 1077 432 1148 507; x_wconf 76' lang='lat'><em>261</em></span> 
     </span>
    </p>
   </div>
   <div class='ocr_carea' id='block_1_2' title="bbox 8 610 1155 717">
    <p class='ocr_par' dir='ltr' id='par_1_2' title="bbox 8 610 1155 717">
     <span class='ocr_line' id='line_1_2' title="bbox 8 610 1155 717; baseline -0.001 -26"><span class='ocrx_word' id='word_1_4' title='bbox 8 680 9 691; x_wconf 70' lang='grc'>,</span> <span class='ocrx_word' id='word_1_5' title='bbox 119 642 330 717; x_wconf 79' lang='lat' dir='ltr'><em>negamus,</em></span> <span class='ocrx_word' id='word_1_6' title='bbox 370 636 417 691; x_wconf 82' lang='lat' dir='ltr'><em>nt</em></span> <span class='ocrx_word' id='word_1_7' title='bbox 436 620 525 691; x_wconf 87' lang='lat' dir='ltr'><em>non&#39;</em></span> <span class='ocrx_word' id='word_1_8' title='bbox 543 614 665 687; x_wconf 85' lang='lat' dir='ltr'><em>modo</em></span> <span class='ocrx_word' id='word_1_9' title='bbox 691 610 905 686; x_wconf 79' lang='lat' dir='ltr'><em>verborum</em></span> <span class='ocrx_word' id='word_1_10' title='bbox 930 638 981 685; x_wconf 88' lang='lat' dir='ltr'><em>ac</em></span> <span class='ocrx_word' id='word_1_11' title='bbox 997 610 1155 711; x_wconf 87' lang='lat' dir='ltr'><em>seuten-</em></span> 
     </span>
    </p>
   </div>
   <div class='ocr_carea' id='block_1_3' title="bbox 8 738 1157 816">
    <p class='ocr_par' dir='ltr' id='par_1_3' title="bbox 8 738 1157 816">
     <span class='ocr_line' id='line_1_3' title="bbox 8 738 1157 816; baseline -0.001 -3"><span class='ocrx_word' id='word_1_12' title='bbox 8 806 9 813; x_wconf 74' lang='grc'>,</span> <span class='ocrx_word' id='word_1_13' title='bbox 120 745 274 812; x_wconf 89' lang='lat' dir='ltr'><em>tiarum</em></span> <span class='ocrx_word' id='word_1_14' title='bbox 308 748 395 814; x_wconf 80' lang='lat' dir='ltr'><em>vim</em></span> <span class='ocrx_word' id='word_1_15' title='bbox 438 738 798 816; x_wconf 83' lang='lat' dir='ltr'><em>declarauerimus,</em></span> <span class='ocrx_word' id='word_1_16' title='bbox 846 764 988 809; x_wconf 81' lang='lat' dir='ltr'><em>verum</em></span> <span class='ocrx_word' id='word_1_17' title='bbox 1034 743 1157 813; x_wconf 88' lang='lat' dir='ltr'><em>etiam</em></span> 
     </span>
    </p>
   </div>
   <div class='ocr_carea' id='block_1_4' title="bbox 8 861 1159 1588">
    <p class='ocr_par' dir='ltr' id='par_1_4' title="bbox 8 861 1158 1336">
     <span class='ocr_line' id='line_1_4' title="bbox 122 861 1157 965; baseline 0 -30"><span class='ocrx_word' id='word_1_18' title='bbox 122 868 311 939; x_wconf 82' lang='lat' dir='ltr'><em>carminis</em></span> <span class='ocrx_word' id='word_1_19' title='bbox 326 864 660 965; x_wconf 81' lang='lat' dir='ltr'><em>pulcritudinem,</em></span> <span class='ocrx_word' id='word_1_20' title='bbox 682 861 937 961; x_wconf 77' lang='lat' dir='ltr'><em>inprimisque</em></span> <span class='ocrx_word' id='word_1_21' title='bbox 956 880 1157 944; x_wconf 89' lang='lat' dir='ltr'><em>ornatum,</em></span> 
     </span>
     <span class='ocr_line' id='line_1_5' title="bbox 8 981 1156 1085; baseline -0.003 -23"><span class='ocrx_word' id='word_1_22' title='bbox 8 1016 9 1085; x_wconf 80' lang='lat' dir='ltr'>j</span> <span class='ocrx_word' id='word_1_23' title='bbox 111 988 286 1085; x_wconf 67' lang='lat' dir='ltr'><em>sensibus</em></span> <span class='ocrx_word' id='word_1_24' title='bbox 318 1005 356 1060; x_wconf 87' lang='lat' dir='ltr'><em>et</em></span> <span class='ocrx_word' id='word_1_25' title='bbox 380 986 505 1061; x_wconf 74' lang='lat' dir='ltr'><em>oculis</em></span> <span class='ocrx_word' id='word_1_26' title='bbox 532 981 830 1081; x_wconf 76' lang='lat' dir='ltr'><em>adolescentum</em></span> <span class='ocrx_word' id='word_1_27' title='bbox 859 984 1156 1083; x_wconf 83' lang='lat' dir='ltr'><em>subiecerimus,</em></span> 
     </span>
     <span class='ocr_line' id='line_1_6' title="bbox 8 1104 1158 1214; baseline -0.003 -28"><span class='ocrx_word' id='word_1_28' title='bbox 8 1124 9 1187; x_wconf 59' lang='lat'><em>4</em></span> <span class='ocrx_word' id='word_1_29' title='bbox 120 1138 191 1185; x_wconf 87' lang='lat' dir='ltr'><em>nos</em></span> <span class='ocrx_word' id='word_1_30' title='bbox 213 1138 382 1214; x_wconf 76' lang='lat' dir='ltr'><em>operam</em></span> <span class='ocrx_word' id='word_1_31' title='bbox 404 1104 582 1207; x_wconf 85' lang='lat' dir='ltr'><em>nostram</em></span> <span class='ocrx_word' id='word_1_32' title='bbox 606 1132 688 1178; x_wconf 88' lang='lat' dir='ltr'><em>non</em></span> <span class='ocrx_word' id='word_1_33' title='bbox 717 1110 880 1179; x_wconf 90' lang='lat' dir='ltr'><em>omnino</em></span> <span class='ocrx_word' id='word_1_34' title='bbox 906 1109 1015 1181; x_wconf 88' lang='lat' dir='ltr'><em>male</em></span> <span class='ocrx_word' id='word_1_35' title='bbox 1037 1110 1158 1184; x_wconf 89' lang='lat' dir='ltr'><em>collo-</em></span> 
     </span>
     <span class='ocr_line' id='line_1_7' title="bbox 123 1228 634 1336; baseline -0.016 -25.837"><span class='ocrx_word' id='word_1_36' title='bbox 123 1232 225 1336; x_wconf 83' lang='lat' dir='ltr'><em>caffe</em></span> <span class='ocrx_word' id='word_1_37' title='bbox 246 1234 486 1309; x_wconf 81' lang='lat' dir='ltr'><em>arbitraturi</em></span> <span class='ocrx_word' id='word_1_38' title='bbox 500 1228 634 1329; x_wconf 78' lang='lat' dir='ltr'><em>simus.</em></span> 
     </span>
    </p>

    <p class='ocr_par' dir='ltr' id='par_1_5' title="bbox 8 1352 1159 1588">
     <span class='ocr_line' id='line_1_8' title="bbox 220 1352 1158 1457; baseline -0.016 -24"><span class='ocrx_word' id='word_1_39' title='bbox 220 1362 291 1433; x_wconf 79' lang='lat' dir='ltr'><em>Ex</em></span> <span class='ocrx_word' id='word_1_40' title='bbox 312 1363 380 1439; x_wconf 89' lang='lat' dir='ltr'><em>iis,</em></span> <span class='ocrx_word' id='word_1_41' title='bbox 425 1382 531 1457; x_wconf 85' lang='lat' dir='ltr'><em>quae</em></span> <span class='ocrx_word' id='word_1_42' title='bbox 548 1355 683 1427; x_wconf 83' lang='lat' dir='ltr'><em>adhuc</em></span> <span class='ocrx_word' id='word_1_43' title='bbox 704 1352 909 1454; x_wconf 83' lang='lat' dir='ltr'><em>disputata</em></span> <span class='ocrx_word' id='word_1_44' title='bbox 928 1353 1047 1452; x_wconf 83' lang='lat' dir='ltr'><em>sunt,</em></span> <span class='ocrx_word' id='word_1_45' title='bbox 1086 1384 1158 1447; x_wconf 71' lang='grc' dir='ltr'><em>ημ.</em></span> 
     </span>
     <span class='ocr_line' id='line_1_9' title="bbox 8 1478 1159 1588; baseline -0.017 -28"><span class='ocrx_word' id='word_1_46' title='bbox 8 1492 9 1501; x_wconf 76' lang='grc'>’</span> <span class='ocrx_word' id='word_1_47' title='bbox 117 1510 262 1588; x_wconf 82' lang='lat' dir='ltr'><em>peram</em></span> <span class='ocrx_word' id='word_1_48' title='bbox 282 1481 492 1581; x_wconf 82' lang='lat' dir='ltr'><strong><em>censuram</em></strong></span> <span class='ocrx_word' id='word_1_49' title='bbox 508 1478 818 1579; x_wconf 77' lang='lat' dir='ltr'><em>Georgicorum,</em></span> <span class='ocrx_word' id='word_1_50' title='bbox 844 1504 968 1578; x_wconf 82' lang='lat' dir='ltr'><em>quam</em></span> <span class='ocrx_word' id='word_1_51' title='bbox 979 1482 1159 1557; x_wconf 81' lang='lat' dir='ltr'><em>Edmun.</em></span> 
     </span>
    </p>
   </div>
   <div class='ocr_carea' id='block_1_5' title="bbox 8 1604 1158 1685">
    <p class='ocr_par' dir='ltr' id='par_1_6' title="bbox 8 1604 1158 1685">
     <span class='ocr_line' id='line_1_10' title="bbox 8 1604 1158 1685; baseline -0.01 0"><span class='ocrx_word' id='word_1_52' title='bbox 8 1626 9 1633; x_wconf 78' lang='grc'>’</span> <span class='ocrx_word' id='word_1_53' title='bbox 123 1610 195 1683; x_wconf 82' lang='lat' dir='ltr'><em>dus</em></span> <span class='ocrx_word' id='word_1_54' title='bbox 213 1610 437 1685; x_wconf 74' lang='lat' dir='ltr'><em>Humanas,</em></span> <span class='ocrx_word' id='word_1_55' title='bbox 463 1604 681 1679; x_wconf 78' lang='lat' dir='ltr'><em>Britannus</em></span> <span class='ocrx_word' id='word_1_56' title='bbox 703 1627 786 1673; x_wconf 87' lang='lat' dir='ltr'><em>non</em></span> <span class='ocrx_word' id='word_1_57' title='bbox 805 1604 986 1676; x_wconf 83' lang='lat' dir='ltr'><em>indoctus</em></span> <span class='ocrx_word' id='word_1_58' title='bbox 1005 1632 1079 1679; x_wconf 88' lang='lat' dir='ltr'><em>nec</em></span> <span class='ocrx_word' id='word_1_59' title='bbox 1098 1614 1158 1681; x_wconf 78' lang='lat' dir='ltr'><em>in-</em></span> 
     </span>
    </p>
   </div>
   <div class='ocr_carea' id='block_1_6' title="bbox 8 1722 1162 2196">
    <p class='ocr_par' dir='ltr' id='par_1_7' title="bbox 8 1722 1162 2196">
     <span class='ocr_line' id='line_1_11' title="bbox 8 1722 1159 1835; baseline -0.015 -27"><span class='ocrx_word' id='word_1_60' title='bbox 8 1760 9 1763; x_wconf 70' lang='grc'>’</span> <span class='ocrx_word' id='word_1_61' title='bbox 123 1732 306 1835; x_wconf 79' lang='lat' dir='ltr'><em>elegans,</em></span> <span class='ocrx_word' id='word_1_62' title='bbox 338 1724 608 1831; x_wconf 53' lang='lat' dir='ltr'><em>proposuitv,</em></span> <span class='ocrx_word' id='word_1_63' title='bbox 651 1722 704 1797; x_wconf 78' lang='lat' dir='ltr'><em>ab</em></span> <span class='ocrx_word' id='word_1_64' title='bbox 725 1726 878 1799; x_wconf 81' lang='lat' dir='ltr'><em>iudicio</em></span> <span class='ocrx_word' id='word_1_65' title='bbox 899 1752 1049 1825; x_wconf 76' lang='lat' dir='ltr'><em>parum</em></span> <span class='ocrx_word' id='word_1_66' title='bbox 1062 1731 1159 1829; x_wconf 73' lang='lat' dir='ltr'><em>sub.</em></span> 
     </span>
     <span class='ocr_line' id='line_1_12' title="bbox 8 1847 1160 1953; baseline -0.004 -24"><span class='ocrx_word' id='word_1_67' title='bbox 8 1902 9 1929; x_wconf 46' lang='grc' dir='ltr'><strong>ι</strong></span> <span class='ocrx_word' id='word_1_68' title='bbox 123 1855 184 1930; x_wconf 85' lang='lat' dir='ltr'><em>tili</em></span> <span class='ocrx_word' id='word_1_69' title='bbox 203 1875 246 1931; x_wconf 86' lang='lat' dir='ltr'><em>ec</em></span> <span class='ocrx_word' id='word_1_70' title='bbox 275 1855 419 1927; x_wconf 87' lang='lat' dir='ltr'><em>limato</em></span> <span class='ocrx_word' id='word_1_71' title='bbox 446 1849 681 1953; x_wconf 28' lang='lat' dir='ltr'><em>profectam·</em></span> <span class='ocrx_word' id='word_1_72' title='bbox 694 1847 829 1944; x_wconf 87' lang='lat' dir='ltr'><em>facile</em></span> <span class='ocrx_word' id='word_1_73' title='bbox 854 1851 1015 1934; x_wconf 78' lang='lat' dir='ltr'><em>videas,</em></span> <span class='ocrx_word' id='word_1_74' title='bbox 1062 1858 1160 1929; x_wconf 82' lang='lat' dir='ltr'><em>dum</em></span> 
     </span>
     <span class='ocr_line' id='line_1_13' title="bbox 125 1972 1161 2081; baseline 0.002 -28"><span class='ocrx_word' id='word_1_75' title='bbox 125 1982 230 2053; x_wconf 72' lang='lat' dir='ltr'><em>lianc</em></span> <span class='ocrx_word' id='word_1_76' title='bbox 247 1976 378 2081; x_wconf 80' lang='lat' dir='ltr'><em>ipsam</em></span> <span class='ocrx_word' id='word_1_77' title='bbox 397 1976 580 2075; x_wconf 78' lang='lat' dir='ltr'><em>copiam,</em></span> <span class='ocrx_word' id='word_1_78' title='bbox 617 1972 722 2045; x_wconf 78' lang='lat' dir='ltr'><em>liunc</em></span> <span class='ocrx_word' id='word_1_79' title='bbox 743 1989 933 2047; x_wconf 84' lang='lat' dir='ltr'><em>ornatum</em></span> <span class='ocrx_word' id='word_1_80' title='bbox 952 2002 1086 2049; x_wconf 90' lang='lat' dir='ltr'><em>rerum</em></span> <span class='ocrx_word' id='word_1_81' title='bbox 1106 1998 1161 2055; x_wconf 87' lang='lat' dir='ltr'><em>ce·</em></span> 
     </span>
     <span class='ocr_line' id='line_1_14' title="bbox 124 2093 1162 2196; baseline -0.001 -17"><span class='ocrx_word' id='word_1_82' title='bbox 124 2110 267 2179; x_wconf 88' lang='lat' dir='ltr'><em>nuium</em></span> <span class='ocrx_word' id='word_1_83' title='bbox 281 2118 320 2176; x_wconf 85' lang='lat' dir='ltr'><em>et</em></span> <span class='ocrx_word' id='word_1_84' title='bbox 338 2100 523 2177; x_wconf 77' lang='lat' dir='ltr'><em>exilium,</em></span> <span class='ocrx_word' id='word_1_85' title='bbox 545 2096 605 2170; x_wconf 82' lang='lat' dir='ltr'><em>ad</em></span> <span class='ocrx_word' id='word_1_86' title='bbox 625 2093 959 2196; x_wconf 81' lang='lat' dir='ltr'><em>reprelienfionem</em></span> <span class='ocrx_word' id='word_1_87' title='bbox 974 2108 1162 2179; x_wconf 77' lang='lat' dir='ltr'><em>carminis</em></span> 
     </span>
    </p>
   </div>
   <div class='ocr_carea' id='block_1_7' title="bbox 8 2207 1174 2311">
    <p class='ocr_par' dir='ltr' id='par_1_8' title="bbox 8 2207 1174 2311">
     <span class='ocr_line' id='line_1_15' title="bbox 8 2207 1174 2311; baseline -0.003 -6"><span class='ocrx_word' id='word_1_88' title='bbox 8 2278 10 2305; x_wconf 71' lang='lat'>›</span> <span class='ocrx_word' id='word_1_89' title='bbox 124 2232 307 2303; x_wconf 79' lang='lat' dir='ltr'><em>traxerit.</em></span> <span class='ocrx_word' id='word_1_90' title='bbox 375 2224 453 2299; x_wconf 81' lang='lat' dir='ltr'><em>Sed</em></span> <span class='ocrx_word' id='word_1_91' title='bbox 472 2222 615 2295; x_wconf 86' lang='lat' dir='ltr'><em>iudicii</em></span> <span class='ocrx_word' id='word_1_92' title='bbox 632 2220 748 2311; x_wconf 72' lang='lat' dir='ltr'><em>liuius</em></span> <span class='ocrx_word' id='word_1_93' title='bbox 766 2227 1051 2297; x_wconf 90' lang='lat' dir='ltr'><em>auctoritatem</em></span> <span class='ocrx_word' id='word_1_94' title='bbox 1075 2207 1174 2301; x_wconf 32' lang='lat' dir='ltr'><em>iam*</em></span> 
     </span>
    </p>
   </div>
   <div class='ocr_carea' id='block_1_8' title="bbox 9 2347 1176 4316">
    <p class='ocr_par' dir='ltr' id='par_1_9' title="bbox 8 2336 1176 4316">
     <span class='ocr_line' id='line_1_16' title="bbox 116 2347 1162 2453; baseline -0.002 -26.187"><span class='ocrx_word' id='word_1_95' title='bbox 116 2353 218 2453; x_wconf 81' lang='lat' dir='ltr'><em>satis</em></span> <span class='ocrx_word' id='word_1_96' title='bbox 246 2350 333 2423; x_wconf 88' lang='lat' dir='ltr'><em>alio</em></span> <span class='ocrx_word' id='word_1_97' title='bbox 364 2348 539 2419; x_wconf 84' lang='lat' dir='ltr'><em>eiusdem</em></span> <span class='ocrx_word' id='word_1_98' title='bbox 562 2347 643 2416; x_wconf 79' lang='lat' dir='ltr'><em>viri</em></span> <span class='ocrx_word' id='word_1_99' title='bbox 678 2348 790 2418; x_wconf 87' lang='lat' dir='ltr'><em>docti</em></span> <span class='ocrx_word' id='word_1_100' title='bbox 816 2352 1002 2420; x_wconf 86' lang='lat' dir='ltr'><em>acumine</em></span> <span class='ocrx_word' id='word_1_101' title='bbox 1030 2352 1162 2425; x_wconf 89' lang='lat' dir='ltr'><em>eleua-</em></span> 
     </span>
     <span class='ocr_line' id='line_1_17' title="bbox 127 2468 1163 2552; baseline 0.003 -4"><span class='ocrx_word' id='word_1_102' title='bbox 127 2496 213 2548; x_wconf 87' lang='lat' dir='ltr'><em>tam</em></span> <span class='ocrx_word' id='word_1_103' title='bbox 247 2472 453 2552; x_wconf 78' lang='lat' dir='ltr'><em>dabimus,</em></span> <span class='ocrx_word' id='word_1_104' title='bbox 518 2493 609 2542; x_wconf 91' lang='lat' dir='ltr'><em>cum</em></span> <span class='ocrx_word' id='word_1_105' title='bbox 640 2469 751 2542; x_wconf 82' lang='lat' dir='ltr'><em>idem</em></span> <span class='ocrx_word' id='word_1_106' title='bbox 784 2468 855 2543; x_wconf 89' lang='lat' dir='ltr'><em>ille</em></span> <span class='ocrx_word' id='word_1_107' title='bbox 890 2474 934 2543; x_wconf 89' lang='lat' dir='ltr'><em>in</em></span> <span class='ocrx_word' id='word_1_108' title='bbox 964 2474 1163 2551; x_wconf 79' lang='lat' dir='ltr'><em>Bucolicis</em></span> 
     </span>
     <span class='ocr_line' id='line_1_18' title="bbox 119 2592 1164 2697; baseline 0.005 -27"><span class='ocrx_word' id='word_1_109' title='bbox 119 2599 328 2697; x_wconf 87' lang='lat' dir='ltr'><em>summam</em></span> <span class='ocrx_word' id='word_1_110' title='bbox 353 2592 653 2695; x_wconf 81' lang='lat' dir='ltr'><em>simplicitatem</em></span> <span class='ocrx_word' id='word_1_111' title='bbox 687 2610 726 2666; x_wconf 88' lang='lat' dir='ltr'><em>et</em></span> <span class='ocrx_word' id='word_1_112' title='bbox 756 2592 1025 2668; x_wconf 83' lang='lat' dir='ltr'><em>humilitatem</em></span> <span class='ocrx_word' id='word_1_113' title='bbox 1051 2606 1164 2675; x_wconf 79' lang='lat' dir='ltr'><em>uitae</em></span> 
     </span>
     <span class='ocr_line' id='line_1_19' title="bbox 9 2713 1164 2825; baseline 0.003 -31"><span class='ocrx_word' id='word_1_114' title='bbox 9 2796 10 2801; x_wconf 66' lang='grc'>,</span> <span class='ocrx_word' id='word_1_115' title='bbox 131 2748 179 2795; x_wconf 89' lang='lat' dir='ltr'><em>oc</em></span> <span class='ocrx_word' id='word_1_116' title='bbox 201 2744 362 2793; x_wconf 92' lang='lat' dir='ltr'><em>morum</em></span> <span class='ocrx_word' id='word_1_117' title='bbox 380 2744 408 2791; x_wconf 90' lang='lat' dir='ltr'><em>a</em></span> <span class='ocrx_word' id='word_1_118' title='bbox 432 2717 604 2819; x_wconf 81' lang='lat' dir='ltr'><em>Virgilio</em></span> <span class='ocrx_word' id='word_1_119' title='bbox 633 2713 852 2819; x_wconf 68' lang='lat' dir='ltr'><em>expressam</em></span> <span class='ocrx_word' id='word_1_120' title='bbox 873 2720 1042 2811; x_wconf 75' lang='lat' dir='ltr'><em>dixerit.-</em></span> <span class='ocrx_word' id='word_1_121' title='bbox 1084 2751 1164 2825; x_wconf 83' lang='lat' dir='ltr'><em>quo</em></span> 
     </span>
     <span class='ocr_line' id='line_1_20' title="bbox 130 2838 1165 2949; baseline 0.002 -30"><span class='ocrx_word' id='word_1_122' title='bbox 130 2847 229 2949; x_wconf 76' lang='lat' dir='ltr'><em>quid</em></span> <span class='ocrx_word' id='word_1_123' title='bbox 257 2870 294 2917; x_wconf 77' lang='lat' dir='ltr'><em>a</em></span> <span class='ocrx_word' id='word_1_124' title='bbox 316 2866 449 2916; x_wconf 85' lang='lat' dir='ltr'><em>rerum</em></span> <span class='ocrx_word' id='word_1_125' title='bbox 469 2842 562 2943; x_wconf 84' lang='lat' dir='ltr'><em>fide</em></span> <span class='ocrx_word' id='word_1_126' title='bbox 586 2864 638 2913; x_wconf 89' lang='lat' dir='ltr'><em>ac</em></span> <span class='ocrx_word' id='word_1_127' title='bbox 655 2838 778 2937; x_wconf 90' lang='lat' dir='ltr'><em>sensu</em></span> <span class='ocrx_word' id='word_1_128' title='bbox 817 2842 988 2917; x_wconf 87' lang='lat' dir='ltr'><em>alienius</em></span> <span class='ocrx_word' id='word_1_129' title='bbox 1027 2844 1165 2949; x_wconf 81' lang='lat' dir='ltr'><em>afferri</em></span> 
     </span>
     <span class='ocr_line' id='line_1_21' title="bbox 125 2962 1166 3071; baseline 0.002 -28"><span class='ocrx_word' id='word_1_130' title='bbox 125 2967 277 3071; x_wconf 75' lang='lat' dir='ltr'><em>possit?</em></span> <span class='ocrx_word' id='word_1_131' title='bbox 326 2967 369 3040; x_wconf 88' lang='lat' dir='ltr'><em>A</em></span> <span class='ocrx_word' id='word_1_132' title='bbox 389 2982 546 3039; x_wconf 87' lang='lat' dir='ltr'><em>tumore</em></span> <span class='ocrx_word' id='word_1_133' title='bbox 573 2990 624 3037; x_wconf 84' lang='lat' dir='ltr'><em>ao</em></span> <span class='ocrx_word' id='word_1_134' title='bbox 644 2962 810 3065; x_wconf 76' lang='lat' dir='ltr'><em>frigore</em></span> <span class='ocrx_word' id='word_1_135' title='bbox 832 2984 906 3040; x_wconf 88' lang='lat' dir='ltr'><em>aut</em></span> <span class='ocrx_word' id='word_1_136' title='bbox 932 2972 1063 3069; x_wconf 81' lang='lat' dir='ltr'><em>inepto</em></span> <span class='ocrx_word' id='word_1_137' title='bbox 1090 2972 1166 3045; x_wconf 89' lang='lat' dir='ltr'><em>ali-</em></span> 
     </span>
     <span class='ocr_line' id='line_1_22' title="bbox 131 3086 1167 3194; baseline 0.002 -28"><span class='ocrx_word' id='word_1_138' title='bbox 131 3120 208 3194; x_wconf 75' lang='lat' dir='ltr'><em>quo</em></span> <span class='ocrx_word' id='word_1_139' title='bbox 230 3086 374 3189; x_wconf 75' lang='lat' dir='ltr'><em>sbulio</em></span> <span class='ocrx_word' id='word_1_140' title='bbox 396 3114 447 3162; x_wconf 88' lang='lat' dir='ltr'><em>ac</em></span> <span class='ocrx_word' id='word_1_141' title='bbox 471 3091 600 3161; x_wconf 89' lang='lat' dir='ltr'><em>nimia</em></span> <span class='ocrx_word' id='word_1_142' title='bbox 618 3087 844 3185; x_wconf 77' lang='lat' dir='ltr'><em>sedulitate</em></span> <span class='ocrx_word' id='word_1_143' title='bbox 872 3090 1073 3193; x_wconf 79' lang='lat' dir='ltr'><em>Georgica</em></span> <span class='ocrx_word' id='word_1_144' title='bbox 1093 3124 1167 3169; x_wconf 80' lang='lat' dir='ltr'><em>ua·</em></span> 
     </span>
     <span class='ocr_line' id='line_1_23' title="bbox 133 3210 1167 3318; baseline 0.006 -29"><span class='ocrx_word' id='word_1_145' title='bbox 133 3242 227 3290; x_wconf 91' lang='lat' dir='ltr'><em>care</em></span> <span class='ocrx_word' id='word_1_146' title='bbox 268 3212 512 3314; x_wconf 82' lang='lat' dir='ltr'><em>confidenter</em></span> <span class='ocrx_word' id='word_1_147' title='bbox 536 3210 753 3311; x_wconf 74' lang='lat' dir='ltr'><em>affirmem,</em></span> <span class='ocrx_word' id='word_1_148' title='bbox 800 3220 872 3315; x_wconf 77' lang='lat' dir='ltr'><em>qui</em></span> <span class='ocrx_word' id='word_1_149' title='bbox 897 3216 1053 3318; x_wconf 79' lang='lat' dir='ltr'><em>alioqui</em></span> <span class='ocrx_word' id='word_1_150' title='bbox 1082 3248 1167 3297; x_wconf 85' lang='lat' dir='ltr'><em>nou</em></span> 
     </span>
     <span class='ocr_line' id='line_1_24' title="bbox 134 3334 1034 3439; baseline 0.004 -26"><span class='ocrx_word' id='word_1_151' title='bbox 134 3338 262 3413; x_wconf 87' lang='lat' dir='ltr'><em>multa</em></span> <span class='ocrx_word' id='word_1_152' title='bbox 284 3364 348 3409; x_wconf 84' lang='lat' dir='ltr'><em>me</em></span> <span class='ocrx_word' id='word_1_153' title='bbox 366 3353 472 3410; x_wconf 92' lang='lat' dir='ltr'><em>certo</em></span> <span class='ocrx_word' id='word_1_154' title='bbox 491 3354 623 3408; x_wconf 84' lang='lat' dir='ltr'><em>tenero</em></span> <span class='ocrx_word' id='word_1_155' title='bbox 645 3334 849 3436; x_wconf 83' lang='lat' dir='ltr'><em>affirmare</em></span> <span class='ocrx_word' id='word_1_156' title='bbox 860 3340 1034 3439; x_wconf 89' lang='lat' dir='ltr'><em>soleam.</em></span> 
     </span>
     <span class='ocr_line' id='line_1_25' title="bbox 250 3462 1167 3566; baseline 0.01 -30"><span class='ocrx_word' id='word_1_157' title='bbox 250 3462 453 3563; x_wconf 80' lang='lat' dir='ltr'><em>Georgica</em></span> <span class='ocrx_word' id='word_1_158' title='bbox 488 3462 736 3535; x_wconf 86' lang='lat' dir='ltr'><em>Maecenatis</em></span> <span class='ocrx_word' id='word_1_159' title='bbox 766 3463 894 3561; x_wconf 89' lang='lat' dir='ltr'><em>suasu</em></span> <span class='ocrx_word' id='word_1_160' title='bbox 926 3492 978 3539; x_wconf 87' lang='lat' dir='ltr'><em>ac</em></span> <span class='ocrx_word' id='word_1_161' title='bbox 1008 3468 1167 3566; x_wconf 73' lang='lat' dir='ltr'><em>consilio</em></span> 
     </span>
     <span class='ocr_line' id='line_1_26' title="bbox 127 3580 1171 3687; baseline 0.007 -25"><span class='ocrx_word' id='word_1_162' title='bbox 127 3586 301 3687; x_wconf 86' lang='lat' dir='ltr'><em>scribere</em></span> <span class='ocrx_word' id='word_1_163' title='bbox 315 3580 524 3686; x_wconf 77' lang='lat' dir='ltr'><em>suscepiffe</em></span> <span class='ocrx_word' id='word_1_164' title='bbox 538 3600 726 3685; x_wconf 83' lang='lat' dir='ltr'><em>poetam,</em></span> <span class='ocrx_word' id='word_1_165' title='bbox 752 3604 798 3659; x_wconf 81' lang='lat' dir='ltr'><em>ut</em></span> <span class='ocrx_word' id='word_1_166' title='bbox 816 3588 1024 3665; x_wconf 78' lang='lat' dir='ltr'><em>hominum</em></span> <span class='ocrx_word' id='word_1_167' title='bbox 1042 3600 1171 3669; x_wconf 83' lang='lat' dir='ltr'><em>animi</em></span> 
     </span>
     <span class='ocr_line' id='line_1_27' title="bbox 138 3706 1171 3812; baseline 0.011 -29"><span class='ocrx_word' id='word_1_168' title='bbox 138 3714 193 3785; x_wconf 84' lang='lat' dir='ltr'><em>od</em></span> <span class='ocrx_word' id='word_1_169' title='bbox 214 3714 309 3812; x_wconf 81' lang='lat' dir='ltr'><em>agri</em></span> <span class='ocrx_word' id='word_1_170' title='bbox 333 3709 492 3783; x_wconf 82' lang='lat' dir='ltr'><em>colendi</em></span> <span class='ocrx_word' id='word_1_171' title='bbox 502 3706 647 3806; x_wconf 80' lang='lat' dir='ltr'><em>studia</em></span> <span class='ocrx_word' id='word_1_172' title='bbox 669 3732 974 3797; x_wconf 86' lang='lat' dir='ltr'><em>reuocarontur,</em></span> <span class='ocrx_word' id='word_1_173' title='bbox 1010 3720 1171 3794; x_wconf 85' lang='lat' dir='ltr'><em>Briton-</em></span> 
     </span>
     <span class='ocr_line' id='line_1_28' title="bbox 140 3811 1172 3938; baseline 0.009 -31"><span class='ocrx_word' id='word_1_174' title='bbox 140 3860 282 3907; x_wconf 86' lang='lat' dir='ltr'><em>norum</em></span> <span class='ocrx_word' id='word_1_175' title='bbox 302 3831 607 3914; x_wconf 85' lang='lat' dir='ltr'><em>nonnullorum,</em></span> <span class='ocrx_word' id='word_1_176' title='bbox 640 3836 851 3918; x_wconf 86' lang='lat' dir='ltr'><em>Wartoni,</em></span> <span class='ocrx_word' id='word_1_177' title='bbox 882 3811 1025 3938; x_wconf 76' lang='lat' dir='ltr'><em>Crasti,</em></span> <span class='ocrx_word' id='word_1_178' title='bbox 1058 3844 1172 3917; x_wconf 86' lang='lat' dir='ltr'><em>Mar-</em></span> 
     </span>
     <span class='ocr_line' id='line_1_29' title="bbox 143 3957 1172 4063; baseline 0.012 -32"><span class='ocrx_word' id='word_1_179' title='bbox 143 3961 232 4037; x_wconf 85' lang='lat' dir='ltr'><em>tini,</em></span> <span class='ocrx_word' id='word_1_180' title='bbox 265 3957 511 4059; x_wconf 82' lang='lat' dir='ltr'><em>elegantium</em></span> <span class='ocrx_word' id='word_1_181' title='bbox 531 3962 731 4039; x_wconf 81' lang='lat' dir='ltr'><em>virorum,</em></span> <span class='ocrx_word' id='word_1_182' title='bbox 773 3958 827 4059; x_wconf 77' lang='lat' dir='ltr'><em>esi</em></span> <span class='ocrx_word' id='word_1_183' title='bbox 848 3968 997 4063; x_wconf 83' lang='lat' dir='ltr'><em>opinio.</em></span> <span class='ocrx_word' id='word_1_184' title='bbox 1044 3967 1172 4043; x_wconf 86' lang='lat' dir='ltr'><em>Italia</em></span> 
     </span>
     <span class='ocr_line' id='line_1_30' title="bbox 134 4072 1174 4188; baseline 0.013 -37"><span class='ocrx_word' id='word_1_185' title='bbox 134 4080 234 4177; x_wconf 84' lang='lat' dir='ltr'><em>sona</em></span> <span class='ocrx_word' id='word_1_186' title='bbox 266 4078 376 4155; x_wconf 83' lang='lat' dir='ltr'><em>bellis</em></span> <span class='ocrx_word' id='word_1_187' title='bbox 413 4078 594 4155; x_wconf 86' lang='lat' dir='ltr'><em>ciuilibus</em></span> <span class='ocrx_word' id='word_1_188' title='bbox 626 4100 787 4157; x_wconf 84' lang='lat' dir='ltr'><em>tantum</em></span> <span class='ocrx_word' id='word_1_189' title='bbox 819 4114 902 4161; x_wconf 86' lang='lat' dir='ltr'><em>non</em></span> <span class='ocrx_word' id='word_1_190' title='bbox 935 4093 979 4161; x_wconf 85' lang='lat' dir='ltr'><em>in</em></span> <span class='ocrx_word' id='word_1_191' title='bbox 1014 4072 1174 4188; x_wconf 71' lang='lat' dir='ltr'><em>uastam</em></span> 
     </span>
     <span class='ocr_line' id='line_1_31' title="bbox 138 4205 1176 4316; baseline 0.016 -40"><span class='ocrx_word' id='word_1_192' title='bbox 138 4205 397 4302; x_wconf 87' lang='lat' dir='ltr'><em>solitudinem</em></span> <span class='ocrx_word' id='word_1_193' title='bbox 418 4222 506 4279; x_wconf 85' lang='lat' dir='ltr'><em>erat</em></span> <span class='ocrx_word' id='word_1_194' title='bbox 521 4208 711 4297; x_wconf 85' lang='lat' dir='ltr'><em>redacta;</em></span> <span class='ocrx_word' id='word_1_195' title='bbox 737 4218 932 4293; x_wconf 83' lang='lat' dir='ltr'><em>veterani,</em></span> <span class='ocrx_word' id='word_1_196' title='bbox 958 4218 1061 4285; x_wconf 88' lang='lat' dir='ltr'><em>inter</em></span> <span class='ocrx_word' id='word_1_197' title='bbox 1078 4242 1176 4316; x_wconf 75' lang='lat' dir='ltr'><em>quos</em></span> 
     </span>
    </p>
   </div>
   <div class='ocr_carea' id='block_1_9' title="bbox 183 4354 1181 4441">
    <p class='ocr_par' dir='ltr' id='par_1_10' title="bbox 183 4354 1181 4441">
     <span class='ocr_line' id='line_1_32' title="bbox 183 4354 1181 4441; baseline 0.02 -31"><span class='ocrx_word' id='word_1_198' title='bbox 183 4354 206 4419; x_wconf 70' lang='lat'><em>⁹)</em></span> <span class='ocrx_word' id='word_1_199' title='bbox 222 4360 347 4414; x_wconf 79' lang='lat' dir='ltr'><em>Ancient</em></span> <span class='ocrx_word' id='word_1_200' title='bbox 362 4358 525 4416; x_wconf 73' lang='lat' dir='ltr'><em>characters</em></span> <span class='ocrx_word' id='word_1_201' title='bbox 539 4360 666 4418; x_wconf 79' lang='lat' dir='ltr'><em>dedac&#39;d</em></span> <span class='ocrx_word' id='word_1_202' title='bbox 675 4362 762 4435; x_wconf 83' lang='lat' dir='ltr'><em>from</em></span> <span class='ocrx_word' id='word_1_203' title='bbox 775 4363 905 4441; x_wconf 81' lang='lat' dir='ltr'><em>claffical</em></span> <span class='ocrx_word' id='word_1_204' title='bbox 914 4369 1048 4421; x_wconf 72' lang='lat' dir='ltr'><em>nemum</em></span> <span class='ocrx_word' id='word_1_205' title='bbox 1062 4370 1135 4441; x_wconf 75' lang='lat'>1763,</span> <span class='ocrx_word' id='word_1_206' title='bbox 1150 4372 1181 4429; x_wconf 73' lang='lat'><em>8.-</em></span> 
     </span>
    </p>
   </div>
   <div class='ocr_carea' id='block_1_10' title="bbox 0 0 1501 5067">
    <p class='ocr_par' dir='ltr' id='par_1_11' title="bbox 0 0 1501 5067">
     <span class='ocr_line' id='line_1_33' title="bbox 0 0 1501 5067; baseline 0 0"><span class='ocrx_word' id='word_1_207' title='bbox 0 0 1501 5067; x_wconf 95' lang='lat' dir='ltr'><em> </em></span> 
     </span>
    </p>
   </div>
  </div>
 </body>
</html>
