2942 5067
254 411 601 491 eucnemon
633 417 734 489 arn.
759 421 812 509 11,
830 419 992 516 eta-71
1078 422 1152 507 425

107 597 314 676 castaneae
347 600 470 703 sagus,
516 629 709 705 ornusque
741 609 909 680 incanuit
939 603 1027 678 albo

194 786 303 853 711am
330 802 426 840 tereret
446 787 475 840 lt.
495 786 514 839 l.
534 804 674 843 tentarunt.
708 788 760 842 vid.
783 787 924 849 Seruiana,
961 789 1103 863 Philargyr.
1124 808 1151 847 et

104 869 234 922 Pieriam.
259 870 374 943 Scaliger
386 873 414 925 iu
422 872 525 944 Proleg.
539 875 572 927 etl
583 875 677 928 Manil.
695 875 799 946 legebat
812 872 966 943 Castaneas
975 875 1070 948 sagus
1084 879 1151 932 anti·

103 975 165 1028 que,
176 974 236 1026 pro,
247 956 307 1028 sagi,
323 957 432 1030 gessem
453 959 525 1030 quod
536 960 621 1014 Corda
636 959 770 1032 amplexus
783 957 820 1012 est
834 977 860 1013 et
866 959 1044 1029 Cuningbam.
1060 963 1149 1018 Heius·

92 1043 193 1113 sagos
206 1060 298 1113 graeca
311 1043 397 1095 forma
412 1043 556 1116 accipiebat
571 1039 623 1118 pro¹
629 1035 729 1118 fugias.
760 1045 811 1098 Alii
824 1045 1024 1115 interpunxerar
1042 1049 1150 1118 laseri.

99 1142 199 1179 tur*-
213 1142 241 1180 et
265 1127 382 1200 startias
407 1131 523 1200 platani
549 1133 649 1184 malis.-
701 1130 807 1204 goffere
833 1132 963 1182 valentes
985 1131 1146 1203 Castaneae

86 1211 194 1284 sagos.
251 1213 303 1265 Pro
332 1213 455 1287 scopulo,
499 1218 541 1268 cui
570 1216 760 1287 impingerent,
794 1215 845 1268 suit
863 1215 986 1286 ambigua
1009 1217 1144 1274 llructura.

96 1296 192 1369 Vulgo
211 1297 331 1368 legerunt
359 1317 384 1354 et
405 1301 545 1354 iunxerunt
561 1301 638 1354 verba
657 1301 694 1354 Et
713 1299 864 1372 eatstaneae
876 1300 972 1372 fagor
993 1322 1054 1355 cum
1072 1321 1146 1358 ante·
1168 1319 1174 1330 ·

97 1381 271 1446 cedentibus,
306 1400 334 1438 vt
354 1384 561 1458 subintelligatur
584 1385 699 1458 geffere.
748 1388 790 1439 lta
810 1405 869 1440 vero
888 1387 963 1458 segue
986 1387 1061 1440 insita
1084 1388 1146 1446 esset

96 1465 251 1522 castaneae:
280 1469 350 1523 Mira
371 1490 428 1532 rer,
453 1490 536 1544 quam
556 1491 636 1524 nemo
659 1469 734 1524 sacile
754 1471 857 1546 probet.
897 1471 1044 1536 Martiana,
1070 1476 1145 1531 cuiue

93 1551 199 1625 septem
222 1554 302 1608 codd.
325 1557 354 1607 in
378 1555 536 1628 Castauede
556 1556 652 1630 fagor
671 1555 883 1618 consentiebant,
924 1574 985 1609 curn
1009 1557 1144 1615 castaneae
1179 1597 1182 1604 ·

93 1638 167 1692 inter
188 1639 283 1693 obuios
301 1657 328 1694 et
346 1640 408 1694 viles
424 1641 522 1696 fructus
543 1641 639 1696 suerint
660 1643 689 1694 in
706 1641 797 1703 Italia,
823 1641 942 1710 fagineae
959 1660 1052 1697 contra
1071 1647 1144 1717 glan.

94 1725 145 1778 dea
167 1743 217 1798 pro
240 1723 361 1780 dulcibus
383 1725 505 1789 habitae,
526 1747 596 1780 ·n0n
619 1726 721 1782 dubitat
734 1726 783 1780 har
799 1723 923 1780 castaneis
938 1727 1013 1780 inseri
1029 1731 1144 1801 potuisse

94 1826 178 1884 atque
200 1809 267 1864 adeo
297 1811 428 1883 vulgatam
454 1813 597 1867 lectionem
625 1829 651 1866 et
671 1811 827 1866 structuram
847 1811 976 1884 sequitur,
1026 1818 1142 1886 quaein

93 1894 178 1949 Aldd.
202 1916 241 1966 pr.
261 1913 287 1950 et
306 1896 355 1950 sec.
378 1914 403 1951 et
426 1897 489 1952 hinc
508 1898 631 1970 prasentia
657 1899 785 1960 occurrit,
825 1916 886 1950 curn
908 1897 1001 1968 Egnat.
1028 1916 1054 1953 et
1075 1899 1142 1956 aliia.

94 1980 241 2035 Meliorem
253 1981 395 2036 lectionem
410 1980 483 2037 dedit
496 1984 611 2054 Nauger.
632 1983 661 2036 in
673 1981 731 2036 ald.
754 1998 813 2037 tert.
865 1981 1026 2052 Castaneae
1036 1983 1140 2057 sagus,

95 2085 250 2136 ornusque.
284 2067 322 2122 Vt
340 2065 467 2120 sententia
486 2085 502 2119 a
521 2068 651 2140 superiore
665 2067 735 2120 versu
749 2067 781 2122 sit
796 2068 940 2127 disiuncta,
961 2083 1039 2140 utque
1042 2069 1139 2142 fagur
1182 2061 1185 2068 ¹

93 2159 229 2203 incanuit
249 2151 328 2220 flare
356 2151 507 2222 carsiaueae
532 2154 662 2224 iungatur.
713 2154 805 2206 Mirari
826 2153 902 2214 licet,
936 2152 1049 2208 editores
1073 2175 1136 2210 eum

91 2238 193 2290 iterum
213 2236 357 2292 deseruisse.
411 2240 518 2309 Legitur
537 2237 590 2291 hoc
609 2237 679 2290 idem
702 2238 730 2290 in
750 2238 861 2292 Mentel.
882 2257 921 2309 pr.
943 2256 958 2289 a
981 2258 1016 2290 m.
1039 2238 1088 2307 sec,
1112 2258 1139 2296 et

90 2323 120 2376 in
139 2322 226 2376 Goth.
242 2322 291 2377 sec.
330 2324 399 2377 Mihi
410 2323 505 2396 fagur
525 2339 633 2396 apaeta
655 2321 784 2394 positum,
810 2324 854 2378 sed
868 2343 884 2376 a
898 2324 1084 2398 Grammatieir
1105 2346 1138 2381 ex

90 2407 167 2460 inani
188 2423 275 2471 metu,
295 2427 330 2462 ne
344 2407 440 2480 syllaba
460 2409 546 2462 breuia
570 2425 682 2462 metrum
699 2408 826 2470 solueret,
854 2409 882 2460 in
894 2408 989 2481 fagos
1007 2425 1138 2466 mutatum

93 2551 175 2614 dum
200 2553 466 2638 tradendumque
487 2553 593 2637 poste-
636 2558 780 2617 mirream
790 2555 934 2632 salicem
943 2558 1138 2636 secrtndant

92 2659 142 2714 ris
182 2661 348 2718 rationem
386 2657 591 2731 existimabat,
635 2660 745 2720 ardua
774 2657 923 2718 membra
952 2657 1136 2735 castaneae.

92 2781 163 2842 qua
178 2756 277 2840 paffit
292 2781 387 2820 amne
402 2761 593 2840 genrrssur·
634 2763 681 2823 Ita
702 2763 783 2822 salici
803 2759 889 2820 insite
914 2757 957 2822 esi
980 2759 1136 2831 castanea:

92 2863 163 2921 culi
195 2867 287 2922 amni
313 2867 430 2942 generi
462 2861 593 2924 arboris
633 2881 668 2924 vt
689 2862 718 2923 h.
741 2865 761 2923 l.
785 2866 819 2924 in
840 2863 922 2945 sago.
980 2864 1076 2945 Quod
1097 2866 1137 2925 ad

91 2963 208 3042 iufiri.
253 2965 347 3047 Quod
367 2967 406 3026 ad
425 2986 538 3026 nucem
558 2969 593 3025 in
636 2965 731 3028 verba
774 2969 900 3036 attinet,
944 2965 1134 3040 tenendum,

92 3069 208 3128 arbuto
224 3065 344 3128 inlitam
362 3073 480 3142 attinet,
507 3064 594 3128 tesia·
636 3068 755 3150 vulgari
771 3066 897 3150 quidem
912 3070 1051 3128 ratione:
1081 3089 1137 3127 ar·

91 3186 145 3230 tur
166 3169 406 3244 Pallanum,
427 3191 473 3250 19.
513 3165 594 3249 post·
636 3169 716 3229 buta
741 3187 859 3228 nucem
878 3169 991 3246 irasera',
1012 3171 1083 3244 dici,
1104 3188 1144 3253 at!
1224 3149 1228 3160 Ι

92 3293 190 3354 quam
224 3271 298 3332 inde
320 3269 380 3330 as.
411 3274 431 3334 6
470 3263 594 3352 copiose
635 3292 696 3334 nec
734 3276 835 3332 minus
875 3287 980 3332 tamen
1017 3277 1135 3334 rariore

92 3375 133 3435 de
148 3394 247 3442 nuce,
263 3377 401 3456 inprimit
415 3373 595 3454 amygdala
634 3373 749 3436 modo:
771 3375 930 3433 arbatum
948 3373 1051 3452 inseri
1072 3397 1133 3433 rm-

92 3494 214 3560 egerat‚
239 3475 374 3537 subiicit:
414 3465 593 3554 Inseritur,
635 3499 684 3548 ca,
704 3493 738 3538 vt
753 3475 783 3537 h.
796 3479 816 3540 l.
830 3477 1025 3558 nucisfetu,
1046 3478 1134 3561 qnod

90 3595 131 3638 at
152 3580 306 3661 plerique
327 3579 456 3653 valiant,
485 3579 594 3656 meuse
634 3601 702 3642 non
729 3584 839 3655 tertio,
875 3579 926 3642 sed
953 3577 1036 3640 sexto
1065 3579 1134 3640 casn

93 3681 279 3742 Februario
301 3686 337 3742 in
361 3683 501 3754 arbuta,-
526 3681 595 3760 sed
636 3683 860 3764 accipiendum.
927 3681 1006 3742 Nux
1029 3695 1133 3741 autem

92 3785 214 3843 melias
234 3788 271 3843 iu
295 3801 432 3854 trunca:
466 3799 506 3846 vt
531 3785 594 3844 au·-
635 3785 782 3870 generale
802 3781 1005 3856 vocabulum,
1042 3799 1076 3842 ut
1098 3781 1135 3843 lit

92 3891 169 3968 qui,
201 3901 235 3946 et
259 3890 295 3946 iu
317 3909 445 3968 pruno,
476 3889 533 3947 vel
556 3891 593 3946 iu
633 3909 697 3949 nux
720 3888 858 3971 iuglans,
890 3905 954 3946 nux
978 3884 1133 3958 auellenn,

85 3989 141 4064 se.
173 3989 215 4048 Et
235 3993 268 4048 in
283 3992 428 4053 Carmine
450 3991 489 4052 de
509 3985 591 4050 lusit.
632 4011 697 4052 nux
717 3991 890 4074 amygdala,
919 3991 1014 4068 pinea
1038 4003 1071 4046 et
1094 3989 1132 4047 al.

97 4089 176 4153 163:
239 4091 413 4152 Arbuteas
446 4091 592 4176 fraudes
634 4115 684 4173 71.
716 4093 825 4174 fagus
841 4090 934 4171 stare
958 4087 1134 4174 castaneae

91 4191 209 4268 uastae
234 4201 329 4254 nucis
358 4211 498 4276 occupat
522 4217 593 4254 vm·
634 4209 668 4254 et
697 4215 800 4254 arnus
836 4191 913 4254 albo
944 4195 1015 4272 piri
1041 4191 1135 4271 flore

92 4295 166 4358 bru.
208 4297 248 4357 Et
264 4300 372 4380 paullo
383 4313 477 4360 'anter
519 4299 593 4358 Flu·
633 4301 808 4358 incanuit:
829 4293 859 4358 h.
873 4317 901 4356 e.
917 4291 1067 4355 Castanea
1085 4297 1133 4350 in·

134 4397 269 4460 Toral
682 4402 763 4460 Aaa
