2942 5067
373 393 423 478 tr
476 330 508 378 ’“
580 331 1194 466 ΡΝΙΒΟῙΜίΜΑΒοΝΙε

375 582 424 654 Et
448 579 597 680 penitus
624 592 707 648 toto
740 571 874 648 diuilos
899 573 992 650 orbe
1019 577 1227 650 Britannos.

376 717 454 806 En,
489 735 666 812 umquam
688 713 831 810 patrios
858 709 973 810 longo
994 708 1077 812 post
1099 719 1270 812 tempore
1288 704 1379 799 linis,

380 917 467 962 rame,
501 913 604 974 praeter
621 895 732 950 Vibium
752 894 931 970 sequestrem,
963 897 1030 952 forte
1056 915 1088 952 ax
1111 895 1164 952 boc
1190 895 1246 972 ipso
1272 897 1345 960 loco;
1374 897 1404 949 de

380 989 443 1044 vrbe
461 1003 551 1039 tamen
563 985 671 1044 Cretae,
693 983 795 1046 Oaxo,
822 999 878 1035 non
894 983 1040 1046 dubitatur,
1060 983 1127 1038 lorte
1139 985 1247 1048 eadem,
1266 987 1405 1057 quaeAxua

381 1074 421 1130 est
440 1091 482 1144 ap.
505 1068 635 1124 Herodot.
657 1067 705 1129 IV,
723 1070 779 1135 154,
818 1067 860 1120 vbi
877 1086 901 1120 v.
920 1069 1028 1123 Wellel.
1051 1089 1077 1141 p.
1098 1072 1157 1138 348,
1180 1073 1228 1133 53,
1254 1089 1323 1122 nunc
1344 1068 1406 1120 adde

381 1157 482 1213 Eckhel
493 1157 587 1210 Doctr.
606 1171 709 1206 numer.
734 1155 764 1206 Ρ.
777 1155 810 1216 11,
824 1172 851 1226 p.
866 1153 932 1216 3053
961 1173 1048 1228 neque
1062 1154 1128 1207 illud
1143 1157 1280 1228 ignotum,
1308 1157 1406 1209 Cretam

384 1241 520 1298 Oeaxida
539 1241 638 1293 dictam
656 1235 715 1292 olle.
733 1258 758 1292 v.
779 1237 904 1311 Apollotn
916 1241 937 1302 1,
955 1241 1028 1303 1131,
1048 1241 1121 1294 cuiue
1143 1243 1226 1296 versae
1250 1241 1282 1295 ab
1296 1241 1408 1294 Varrone

383 1328 495 1384 Atacino
517 1322 644 1399 exprelloa
665 1323 771 1378 Seruius
794 1323 892 1378 recitat.
934 1326 1066 1379 Mirantur
1089 1345 1169 1397 porro
1191 1325 1347 1398 sagaciores,
1367 1345 1408 1378 cur

262 1417 269 1425 “
384 1430 442 1470 tam
460 1409 563 1464 oblturi
579 1409 695 1463 nomiuia
714 1409 810 1463 lluuiut
824 1409 852 1461 h.
867 1407 885 1461 l.
908 1428 922 1461 a
942 1410 1045 1482 pallore
1063 1413 1229 1478 nominetur,
1244 1431 1337 1486 'nequa
1350 1409 1410 1464 illud

383 1499 444 1554 latia
464 1494 645 1570 assequuntur,
668 1494 805 1568 quomodo
827 1492 887 1565 poll
898 1495 1012 1550 Africam
1026 1513 1052 1552 et
1064 1497 1212 1568 Scythiam,
1230 1517 1311 1571 quum
1332 1517 1409 1552 remo·

287 1577 291 1583 ¹
383 1582 541 1639 tilltmorum
566 1580 659 1633 finium
684 1595 752 1634 terra
777 1595 967 1653 expectaretur,
1015 1585 1115 1636 Cretae
1149 1585 1249 1638 mentio
1282 1583 1351 1638 lacta
1372 1583 1408 1638 ltt.

385 1672 491 1722 Oaxr'm
503 1667 593 1738 itaque
611 1665 664 1718 iam
684 1681 781 1719 ueteres
800 1665 881 1718 modo
895 1665 1104 1740 Mesopotamiae
1118 1668 1207 1723 'niodo
1226 1669 1346 1740 Scythiae
1365 1669 1408 1722 llu-

384 1755 458 1808 tium
473 1751 564 1806 heberi
584 1751 746 1814 maluerunt,
766 1749 840 1804 nulla
857 1766 945 1806 tamen
965 1754 1080 1807 nominis
1100 1772 1307 1809 commemorata
1325 1771 1407 1808 aucto·

383 1841 469 1894 ritate.
510 1838 604 1898 Fuere,
638 1837 683 1909 qui
703 1841 833 1890 Atatem
851 1839 942 1909 reponi
967 1839 1090 1902 malleum
1128 1855 1154 1894 et
1171 1839 1231 1894 lane
1251 1841 1322 1914 apud
1338 1840 1410 1896 Clau·

386 1925 458 1978 dian.
482 1923 514 1976 Β.
540 1919 614 1975 Gild.
639 1923 670 1976 31
702 1924 771 1976 inter
794 1925 903 1976 Oaxem
930 1937 957 1978 et
981 1929 1110 1978 Aranem
1136 1927 1249 1981 Codices
1277 1927 1408 1982 fluctuant.

384 2007 470 2065 PolIlt
489 2008 568 2061 etiam
589 2003 753 2060 confirmatio
772 2007 851 2060 buius
873 2007 1063 2064 emendationis
1084 2031 1098 2064 a
1118 2011 1263 2066 Theocrito
1282 2015 1351 2084 peti,
1386 2031 1410 2066 rt

387 2114 450 2150 eum
468 2092 557 2146 noller
578 2105 639 2144 ante
658 2090 749 2145 oculoe
771 2091 900 2147 habuerit.
934 2097 959 2148 Ie
975 2095 1060 2158 enim,
1085 2096 1209 2151 Hieronis
1228 2097 1320 2154 laudea
1338 2104 1410 2154 vltra

386 2194 505 2253 pontum
526 2175 687 2249 Scythicum
699 2193 726 2230 et
744 2178 919 2250 Babylonem
942 2195 969 2234 vt
989 2181 1174 2244 extendantur,
1208 2201 1328 2256 precatur
1341 2183 1410 2256 ldyll.

386 2265 461 2325 XVI,
472 2279 516 2333 99.
533 2279 589 2315 too.
631 2259 734 2313 Eodem
753 2264 841 2334 itaque
861 2263 943 2317 modo
964 2265 1088 2338 Virgilius
1109 2265 1243 2339 Scythiam
1262 2287 1287 2326 et
1309 2277 1412 2328 Araxem

387 2347 546 2403 diuersarum
565 2345 681 2399 Orientia
704 2347 844 2416 regionum
868 2347 977 2403 lluuiunr
999 2370 1145 2406 memorare
1165 2357 1260 2427 potuit.
1308 2359 1411 2418 Verum,

389 2431 491 2489 etiamfi
508 2431 561 2485 boc
581 2429 683 2492 liceret,
714 2430 755 2484 vel
774 2431 809 2486 fic
828 2435 946 2506 rapidus
973 2453 1066 2492 cretae
1090 2441 1253 2512 iungendum
1270 2442 1344 2508 ellet,
1372 2445 1413 2518 qui

389 2520 459 2592 rapit
476 2533 573 2572 terram
594 2513 696 2579 albam,
716 2517 835 2572 radendo
853 2521 940 2582 littus,
961 2522 989 2577 h.
1011 2523 1171 2580 lutulentum
1203 2544 1281 2602 atque
1300 2531 1353 2584 hoc
1369 2531 1414 2586 du·

387 2621 457 2657 nrm.
490 2601 542 2656 Alii
563 2600 653 2654 Oxum
671 2601 788 2658 inferunt
807 2623 878 2658 nunc
896 2625 911 2660 a
926 2624 1006 2679 poeta
1025 2607 1080 2664 fine
1099 2613 1218 2686 exemplo
1240 2615 1347 2672 Onnum
1365 2619 1414 2670 dic·

387 2706 460 2774 rum,
492 2688 538 2760 qui
561 2688 659 2740 limum
677 2688 759 2740 vetti
780 2691 908 2744 turbidae
918 2693 1033 2762 semper
1054 2695 1195 2752 secundum
1215 2701 1288 2754 Curt.
1301 2705 1359 2766 VII
1377 2723 1412 2756 to.

387 2775 544 2832 Eaculenrua
567 2769 687 2848 t'roetam,
718 2791 798 2846 quem
819 2776 957 2831 defendere
976 2779 1098 2852 equidem
1118 2803 1173 2837 non
1192 2783 1281 2838 nullm.
1316 2789 1414 2844 Sufficit

387 2865 501 2918 lluuium
519 2862 598 2914 boine
620 2858 736 2912 neminie
755 2861 783 2913 in
801 2863 885 2916 insula
900 2865 979 2919 Creta
999 2864 1064 2928 ell'e,
1100 2871 1173 2922 cuiue
1193 2873 1355 2927 mentionem
1374 2877 1415 2928 hic

385 2949 444 3002 fieri
465 2949 552 3000 minua
571 2943 722 3010 mirabitur,
758 2947 816 3018 qui,
845 2950 882 3002 vti
900 2950 1005 3022 Asroe,
1042 2951 1086 3004 seu
1106 2953 1213 3026 Libyae,
1244 2975 1271 3012 et
1289 2962 1413 3034 Scythae,

385 3033 423 3088 lic
442 3031 537 3086 insulae
559 3030 593 3084 ab
617 3029 693 3082 ltalia
721 3048 837 3088 remotae
857 3038 968 3089 Cretam
988 3051 1015 3090 et
1037 3037 1217 3095 Britannt'am
1236 3043 1283 3097 libi
1311 3051 1415 3121 opponi,

387 3117 516 3172 obseruet.
551 3114 690 3168 Probabile
707 3117 775 3170 mibi
793 3119 836 3183 fit,
855 3122 996 3176 Maronem
1017 3139 1077 3178 ente
1090 3125 1183 3180 oculos
1200 3128 1319 3186 habuiffe
1332 3133 1416 3188 locum

387 3223 420 3257 ex
441 3201 589 3276 antiquiore
607 3199 695 3272 eliquo
717 3220 811 3272 poeta,
845 3226 923 3280 quem
943 3209 1021 3263 nimie
1049 3209 1127 3265 docte
1147 3229 1173 3266 et
1191 3211 1252 3269 loco
1272 3215 1360 3273 alieno
1377 3241 1416 3274 ex·

387 3285 487 3362 preme.
562 3287 597 3357 67
615 3285 749 3342 Britanna
762 3309 777 3343 e
790 3290 854 3345 libb.
868 3309 945 3350 notat
960 3295 1010 3349 Ge.
1025 3295 1123 3351 Fabric.
1202 3301 1236 3356 68
1251 3303 1297 3357 En
1310 3316 1418 3378 patrios

385 3437 557 3498 veniemus
575 3437 721 3509 anem:
748 3441 799 3502 alli
819 3446 884 3508 adi-
924 3447 966 3510 do
983 3454 1067 3511 enirn
1080 3447 1225 3532 pallores,
1245 3461 1417 3538 agroMan·

384 3543 488 3602 bimus
518 3540 652 3605 Cretam.
716 3542 768 3604 De
805 3547 884 3608 Oaxi
923 3565 1020 3614 tuano
1049 3557 1156 3630 electi,
1202 3577 1340 3623 armenta
1370 3563 1419 3624 sue

384 3645 499 3704 Cretae
518 3663 548 3704 v.
564 3643 636 3703 Ver.
656 3643 742 3705 Lect.
784 3649 883 3712 Totua
924 3670 1050 3736 agentes
1070 3679 1128 3738 per
1143 3655 1275 3722 Africam
1297 3681 1330 3726 et
1347 3667 1419 3750 Scy·

384 3745 472 3807 locut
485 3744 602 3805 alienus
618 3765 637 3806 a
654 3745 803 3828 pastoritii
817 3774 882 3814 car·
922 3755 1019 3818 thiam
1037 3779 1138 3822 errare
1160 3778 1213 3822 aut
1227 3763 1418 3828 Britanniam

384 3850 477 3934 minis
493 3845 696 3927 indole3snee
709 3853 806 3915 modo
821 3871 882 3918 tra-
922 3876 955 3921 et
968 3861 1091 3922 Cretam
1106 3863 1216 3926 insulas
1230 3868 1313 3929 adire
1328 3887 1418 3950 pote·

385 3953 489 4033 gicum
510 3949 587 4031 quid
606 3948 709 4031 spirat,
736 3956 880 4040 (Lyricut
921 3965 1011 4023 rant?
1029 3965 1178 4046 Expreffit
1194 3985 1298 4030 tumen
1313 3973 1417 4034 locum

386 4054 462 4114 dixit
505 4052 639 4112 ultimos
681 4055 769 4117 orbis
809 4064 880 4121 Bri·
921 4065 1041 4128 Nemes.
1061 4069 1178 4153 Cyneg.
1204 4075 1255 4152 67.
1279 4077 1330 4138 68.

316 4180 322 4190 ·
384 4169 505 4214 tarenos
524 4155 557 4230 I,
584 4155 644 4229 55,
674 4164 735 4241 29)
772 4184 879 4226 verum
965 4172 1015 4236 68.
1038 4173 1092 4230 En
1112 4192 1259 4256 unquam
1278 4197 1338 4257 pro
1361 4197 1417 4240 un-

382 4257 463 4319 adeo
479 4250 716 4370 ἆτροςδιᾷννσον,
748 4287 879 4350 quomo·
920 4291 1062 4356 quarnue.
1078 4275 1133 4338 iul.
1148 4276 1213 4339 Ecl.
1223 4279 1305 4355 VIII,
1321 4303 1342 4362 7
1365 4283 1420 4342 Ea
