2942 5067
414 358 474 429 ΙΝ
512 354 820 434 ceonorcr.
1064 365 1140 483 ,βᾶ

85 574 186 625 rem
214 558 261 619 ‘ut
287 542 442 645 pudori
462 539 545 638 fibi
570 546 717 624 ducat,
759 560 834 617 aut
857 550 1031 623 orthaea
1053 576 1140 625 car-

85 674 215 744 mina
244 667 437 737 minorem
475 666 578 735 inter
611 668 817 739 Romanos
849 666 1040 743 habitura
1068 670 1141 769 effe

81 790 280 893 gratiam
325 780 540 879 existimet,
589 802 745 857 monet.-
808 788 907 860 dum
953 789 1140 863 bucolica

72 904 268 1010 scribat,
314 904 413 975 dum
438 900 603 999 Hesiodi
628 906 810 1004 exemplo
836 908 889 979 de
914 932 960 981 re
990 905 1140 1007 ruffiea
1201 993 1205 1000 ,

83 1049 266 1103 carmen
301 1023 471 1101 condat,
520 1048 602 1097 non
626 1042 755 1099 temen
786 1026 899 1120 haec,
952 1054 1060 1129 quae
1087 1034 1141 1105 de

81 1171 242 1225 amore
265 1143 487 1242 scripturus
505 1138 582 1237 stt,
628 1142 692 1217 vui
733 1151 886 1251 venient
912 1152 1058 1248 ingrata
1085 1150 1139 1225 le-

81 1272 220 1374 genti,
268 1266 356 1339 Siue
390 1266 431 1334 in
462 1286 592 1335 amore
629 1261 732 1337 rudis
769 1262 847 1339 flue
880 1272 1021 1367 peritus
1056 1275 1139 1345 erit.

80 1388 292 1489 luserant
306 1384 463 1463 eadem,
483 1386 635 1483 pergit,
662 1382 749 1457 alii.
798 1388 911 1459 Dum
924 1382 1142 1481 Hesiodum

81 1519 314 1585 memorat,
338 1504 400 1575 Tu
415 1505 534 1593 cauis,
557 1508 698 1603 inquit,
714 1502 861 1579 Ascraei
880 1510 1014 1581 veteris
1030 1532 1139 1609 prae·
1247 1532 1251 1539 ·

82 1644 209 1731 cepta
235 1640 391 1725 poetae,
438 1624 528 1717 Quo
552 1619 651 1721 seges
673 1626 714 1695 in
743 1648 897 1723 compo,
935 1651 1014 1726 quo
1039 1632 1138 1713 viret

80 1776 165 1825 run
198 1750 300 1843 iugo.
380 1741 502 1813 Vides
526 1742 706 1841 erentplo
726 1741 892 1836 Hefiodi
917 1750 1013 1817 cani
1039 1749 1136 1831 diei,

82 1862 253 1955 noneb
275 1859 359 1961 ipso
380 1858 577 1957 Hestodo;
610 1864 747 1959 potuit
771 1887 822 1934 eo
845 1879 984 1937 tamen
1002 1868 1140 1939 Moni-

83 1990 171 2062 lius
197 1984 259 2057 ad
276 1977 493 2074 Hesiodum
516 1979 644 2079 ipsum
669 1980 837 2079 referre,
859 2000 986 2083 atque·
999 1989 1138 2068 etiam,

83 2132 189 2182 cum
201 2108 247 2175 in
272 2100 396 2173 laude
409 2116 557 2199 poetae
576 2100 819 2197 versaretur,
841 2130 888 2175 eo
902 2105 1069 2186 adduci,
1090 2124 1138 2183 vt

82 2218 290 2327 copiosius
307 2236 347 2292 et
361 2222 554 2297 ornatius,
581 2246 631 2292 ac
646 2246 706 2292 res
713 2218 891 2316 ferebat,
917 2218 1084 2325 efferret.

208 2342 502 2415 Sententiarum
529 2354 568 2411 et
590 2358 898 2439 praeceptorum
929 2348 991 2416 rei
1019 2343 1134 2443 ruffi·

82 2491 166 2539 cae
201 2465 245 2533 in
269 2459 345 2531 hoc
374 2462 551 2531 carmine
577 2462 944 2559 interpretationem
962 2460 1050 2559 stne
1074 2484 1136 2539 to·

84 2579 260 2657 lerabili
284 2579 425 2679 aliqua
446 2578 749 2679 agricolationis
764 2584 914 2678 peritia
933 2598 1041 2655 recte
1061 2588 1135 2659 vico
1253 2636 1258 2647 ·

72 2702 305 2805 succedere
326 2693 452 2798 peffe,
488 2695 621 2793 focile
646 2698 883 2800 intelligitur
888 2728 904 2789 ,·
946 2728 1040 2775 eam
1071 2720 1134 2775 ta-

85 2848 188 2895 men
217 2824 263 2891 in
287 2822 366 2890 mei
398 2818 548 2889 ordinis
568 2816 730 2889 homine
759 2818 878 2891 ltaud
899 2819 1033 2917 facile
1060 2818 1136 2920 effe

79 2938 202 3044 poffe
215 2945 260 3012 in
274 2932 442 3035 confeffo
469 2932 532 3033 est.
574 2936 716 3013 Aliam
734 2938 1011 3048 difficultatem
1022 2941 1137 3039 facit

83 3064 192 3140 hoc,
233 3059 345 3159 quod
361 3072 577 3157 praecepta
594 3057 847 3132 Mureniana
867 3061 927 3131 ad
954 3065 1047 3161 agri
1070 3086 1135 3134 eo-

84 3182 209 3255 Iendi
237 3203 389 3249 morem
418 3180 462 3247 in
495 3174 578 3248 alio
599 3175 718 3273 solo,
774 3174 855 3275 sub
885 3178 969 3251 elio
1002 3180 1131 3262 caelo,

83 3308 133 3375 in
160 3298 251 3371 alia
272 3314 424 3374 aetate,
449 3294 649 3395 spectant.
704 3298 826 3399 Quod
837 3296 988 3394 facere'
1002 3298 1130 3384 licuit,

81 3416 366 3515 subiunximus
385 3412 630 3514 scriptorum
651 3416 703 3488 cle
721 3442 766 3487 re
791 3412 940 3512 rustica
960 3418 1074 3501 loce,
1109 3449 1133 3493 e

85 3536 234 3641 quibus
254 3552 403 3637 poetae
426 3552 645 3637 praecepta
663 3540 781 3609 onice
805 3534 998 3633 illustrari
1020 3558 1133 3639 pote-

83 3674 209 3736 rant,
252 3660 432 3756 inprimis
458 3654 671 3733 Varronis,
710 3662 892 3756 quentin
914 3656 1049 3730 multis
1064 3658 1134 3755 se·

85 3794 237 3881 quotus
256 3773 332 3873 est,
365 3792 403 3849 et
428 3774 697 3852 columellae,
728 3780 799 3875 qui
811 3794 1023 3877 perpetuus
1041 3756 1133 3851 Vri·-

82 3898 187 4001 gitti
209 3910 498 3970 commentator
525 3892 599 3993 est.
648 3916 742 3966 oum
765 3893 912 3969 Plinio.
979 3898 1039 3969 Et
1061 3896 1135 3970 ltn-

85 4013 283 4089 bebarnus
312 4022 357 4089 in
386 4014 484 4094 ltoc,
521 4038 693 4114 quorum
722 4038 856 4114 ,opera
883 4015 980 4114 fere
1005 4034 1134 4089 otere-

85 4160 210 4213 mur,
263 4138 496 4236 interpretes
535 4130 792 4233 doetiffimos,
847 4138 891 4207 in
930 4134 1133 4208 nonnullis

88 4252 304 4331 Guellium
334 4272 375 4331 et
408 4252 610 4351 lsrfmum,
661 4256 705 4325 in
730 4252 931 4354 plerisque
960 4255 1137 4336 Cerdam

136 4372 242 4435 ‘roe
259 4374 282 4439 Ι.
694 4371 744 4433 Et
