2942 5067
268 359 1025 512 avcon1ctncu.v111,7e-aa
1118 439 1185 514 ιρι
1242 421 1244 428 ‘

137 615 233 690 Vno
260 609 476 710 eodemque
498 611 596 708 igni:
639 601 690 678 fic
707 597 835 675 nostro
856 598 1028 700 Daphnis
1049 625 1188 678 arnore.

137 751 290 849 Sparge
307 741 466 833 molam,
502 759 542 816 et
562 739 701 841 fragilis
723 733 889 812 incende
908 735 1093 810 bitumine
1112 735 1191 811 lau·

750 895 845 953 ,roa

26 1012 28 1067 t
137 1011 322 1114 Daphnis
339 1035 403 1086 me
422 1007 544 1092 malus
567 1012 655 1082 vrit:
701 1032 773 1107 ego
798 1003 906 1094 hanc¹
921 1009 963 1080 in
986 1004 1191 1105 Daphnide

775 1137 935 1214 laurum.

138 1279 293 1352 Ducite
312 1274 360 1350 ab
383 1274 476 1361 vrbe
503 1273 678 1369 domum,
722 1301 809 1352 mea
837 1280 1021 1369 carmina,
1062 1275 1191 1378 ducite

702 1443 707 1458 -·
777 1399 966 1501 Daphnin.

139 1535 251 1610 Talia
272 1558 383 1607 amor
405 1533 604 1636 Daphnin,
632 1532 771 1635 qualia,
804 1561 923 1637 quum
947 1531 1036 1610 fella
1059 1539 1191 1610 iuuen-
1267 1605 1269 1612 ,

777 1685 865 1736 cum
1006 1665 1008 1670 ’
1141 1655 1286 1734 85ι

139 1797 222 1870 Per
243 1817 403 1868 nemora
425 1809 541 1892 atque
561 1790 657 1866 altoa
685 1793 904 1894 quaerendo
924 1791 1065 1869 bucula
1084 1793 1193 1869 lncoa

217 1980 255 2032 82
272 1979 372 2032 taurus
389 1975 489 2030 Medic.
517 1974 588 2028 cons.
613 1973 669 2047 sup.
693 1995 716 2030 v.
741 1979 780 2033 13.
833 1998 927 2033 rumor
948 1978 1025 2032 Pierii
1045 1977 1194 2048 Oblongua.

142 2067 181 2120 83
199 2085 251 2116 ne
268 2066 344 2116 male
366 2071 426 2116 vrit
448 2061 575 2115 Rottend.
597 2061 670 2115 alter.
718 2071 751 2116 in
772 2065 828 2118 hac
846 2084 900 2140 ego
920 2065 1084 2134 Daphnide
1108 2066 1194 2118 lauru

141 2151 272 2206 amabat
290 2150 330 2201 lo.
345 2146 482 2202 Schrader.
518 2147 597 2202 Cena
615 2156 647 2202 in
664 2149 827 2220 Daphnide
847 2151 992 2223 requiram
1015 2155 1057 2206 inl
1072 2143 1195 2224 ᾼᾶφνιδᾶ,

142 2237 175 2291 Ῑι.
189 2255 218 2290 e.
249 2243 285 2290 ris
308 2234 415 2300 Δάφνη.
449 2232 478 2286 Sl
497 2247 586 2286 umen
597 2235 709 2307 Virgilio
731 2255 788 2290 non
806 2235 905 2310 placuit
923 2243 961 2292 m
978 2235 1108 2292 scribere?
1140 2235 1193 2301 lle·

141 2321 242 2398 posuit
260 2318 371 2373 eres.
449 2320 485 2374 86
509 2321 572 2372 atta
591 2321 662 2375 Van.

143 2481 203 2537 m‘s
231 2495 367 2548 aurore,
410 2474 472 2537 scil.
508 2477 655 2561 liquescat
696 2480 783 2562 quod
798 2483 910 2541 ominis
926 2479 998 2542 loco
1019 2483 1053 2540 in
1069 2477 1127 2540 bac
1147 2499 1196 2540 ar·

143 2579 374 2662 mumurque
424 2581 460 2640 iu
516 2601 655 2643 amorem
696 2582 775 2644 bore
797 2580 1026 2644 obseruabatur.
1060 2581 1197 2644 Theocr.

145 2689 228 2757 mei,
253 2681 437 2743 obdurescat
454 2703 530 2744 vero
549 2697 582 2743 et
598 2683 655 2745 ob-
695 2685 717 2746 l.
732 2686 754 2749 l.
769 2707 798 2746 v.
818 2694 917 2764 24³1·
935 2684 1035 2746 Corda
1056 2683 1087 2744 b.
1108 2685 1129 2746 l.
1158 2685 1198 2751 cl.

147 2786 296 2848 firmetur
319 2789 423 2848 animo
451 2785 493 2846 ad
515 2781 656 2847 conllan·
697 2788 813 2848 Tibull.
835 2787 880 2860 11,
904 2789 935 2860 5,
951 2788 1002 2850 81.
1025 2787 1077 2849 83.
1108 2777 1198 2847 'Mox

149 2894 233 2950 tiam
248 2892 373 2948 amoris.
697 2894 741 2955 83
762 2893 798 2950 t'n
810 2887 1009 2970 Daphnide,
1038 2889 1090 2951 del
1111 2882 1197 2968 Δίφ-
1237 2967 1240 2976 1

196 2993 255 3056 82·
289 2989 384 3051 Aliud
412 2987 548 3051 venefica
570 3009 657 3052 nunc
699 2993 770 3066 atde,
806 2995 839 3052 in
854 2989 1072 3073 Daphnidem,
1110 2989 1198 3074 quod

154 3093 357 3178 aggreditur:
400 3094 521 3160 hurum
550 3097 658 3154 incan-
699 3099 734 3156 in
754 3094 956 3177 Daphnidem
979 3105 1097 3166 vertat,
1121 3095 1199 3154 vtio

156 3200 227 3272 dit,
254 3213 289 3257 vt
303 3195 444 3279 Daphnis
464 3197 576 3258 eodem
589 3219 659 3259 mo·
700 3200 814 3260 eodem
830 3196 926 3258 modo
941 3193 1068 3255 flamma
1087 3199 1200 3256 amotis

156 3302 201 3363 do
225 3319 332 3361 amore
354 3300 548 3362 incendatur.
589 3321 659 3360 mo·
700 3302 904 3364 consumatur.
966 3297 1100 3358 Tbeocr.
1129 3299 1150 3359 1.
1177 3299 1201 3363 l.

158 3405 251 3472 lam,
277 3402 493 3478 saretsalem,
518 3407 660 3464 vtetiam
700 3427 729 3466 v.
762 3408 801 3469 23
836 3404 954 3482 Δέλφις
988 3397 1037 3480 ἔμ’
1068 3398 1201 3466 ἀνίασιν·

157 3507 343 3569 πων.
361 3507 444 3570 aaa
459 3491 510 3568 el.
538 3507 575 3569 a.
592 3505 623 3565 ι.
637 3507 659 3566 1.
702 3503 763 3583 aa
792 3502 818 3572 t’
846 3507 898 3571 aa
924 3505 1054 3583 atteia
1082 3497 1203 3584 aava„

159 3611 253 3671 &rm
290 3607 370 3682 Gur,
389 3607 591 3690 prolulfure,
613 3607 661 3668 bi-
701 3608 791 3676 Alie
801 3624 858 3670 etc.
874 3607 1202 3689 Horat.Epod.V,81.

162 3714 292 3772 mnino
308 3708 398 3771 illitas
417 3712 522 3772 laurot
541 3731 662 3773 memo·
702 3713 827 3774 Scilicet
852 3717 990 3794 magicae
1024 3709 1081 3772 bae
1109 3713 1204 3772 rado·
1264 3752 1269 3778 ,

159 3831 224 3889 ret,
244 3813 453 3874 namvidetur
466 3811 590 3898 mystica
607 3813 662 3876 ali·
702 3836 760 3878 nea
793 3816 859 3877 fere
899 3812 1083 3898 symbolicae
1116 3811 1203 3888 sunt,

162 3936 228 4003 qna
242 3913 340 3978 mulir
355 3911 488 3991 subelle,
508 3919 663 3980 ariolatio·
686 3939 837 4004 ¹quar-um
858 3920 1093 4003 congruentiam
1115 3931 1148 3978 et
1167 3913 1205 3976 fi-

162 4041 224 4083 ne·
243 4041 272 4080 v.
295 4019 380 4102 apud
406 4019 500 4085 eund.
516 4023 664 4104 fragiles
705 4023 912 4085 militudinem
952 4015 1111 4105 physicum
1150 4017 1206 4079 ali·

163 4123 303 4186 Lucem
315 4122 377 4198 vl,
395 4144 452 4183 111
482 4131 665 4188 anctoritate
707 4147 801 4211 quem
827 4121 973 4188 ellectum
999 4122 1115 4184 babere
1134 4118 1206 4182 stul·

165 4249 187 4286 ι
200 4226 280 4287 sono
297 4245 336 4286 ex
357 4226 479 4311 fragore
501 4229 664 4311 explicant,
706 4233 776 4291 titia
803 4227 966 4291 bominum
990 4246 1043 4285 aut
1065 4224 1208 4294 credidit,
1256 4299 1257 4307 ἵ

164 4330 371 4410 crepitantes
423 4335 461 4393 in
503 4331 665 4420 flamma,
708 4349 765 4396 aut
791 4333 857 4403 aliia
881 4327 1065 4416 persuadere
1098 4327 1205 4392 voluit.
