2942 5067
241 554 243 563 Ι
363 455 410 531 ss
532 446 1230 528 ntotnumssvoomco
1352 389 1356 405 ’

356 636 445 741 ipsa
468 654 606 713 tamen
627 636 889 739 simplicitate
913 636 1142 711 excluditur
1155 663 1215 719 „eto
1235 636 1312 709 hoc
1328 660 1391 737 ge·

355 779 467 849 nere,
507 770 717 869 quicquid,
752 762 821 862 etsi
844 764 974 865 ipsam
997 770 1111 837 vitae
1137 760 1308 860 rusticae
1329 786 1392 835 ue·

354 900 518 971 ritatem
543 900 742 997 exprimit,
780 898 988 995 ingratum
1006 910 1144 966 tamen
1165 894 1226 964 ad
1236 891 1393 992 sessum

356 1050 409 1097 ac
439 1020 649 1123 molestum
679 1019 757 1120 est;
805 1048 934 1123 neque
971 1025 1078 1096 adeo
1104 1020 1393 1095 'admittendae

343 1152 446 1253 sunt
456 1152 613 1250 sordes,
636 1176 743 1253 quae
762 1149 957 1249 nauseam
981 1165 1187 1229 moueant,
1208 1174 1292 1222 non
1310 1172 1392 1219 uer·

354 1278 498 1353 borum
522 1277 720 1378 rusticitas
745 1295 785 1353 et
808 1276 1020 1378 asperitas,
1060 1304 1145 1351 non
1173 1274 1337 1380 agrestis
1356 1288 1394 1346 et

332 1412 336 1423 ’
344 1408 481 1509 foeda
496 1407 726 1509 spurcities.-
759 1410 911 1507 quain
937 1433 982 1478 re
1004 1406 1120 1478 haud
1138 1411 1266 1507 pauci
1290 1430 1394 1507 egre·

352 1538 422 1635 gie
444 1532 547 1631 falsi
571 1536 713 1633 suere,
765 1536 881 1607 dum-
908 1539 1145 1609 imitationis
1183 1537 1393 1609 cecitatem

354 1661 463 1737 male
485 1666 696 1735 iactarem.
748 1659 864 1763 Poffe
877 1663 985 1761 sane
1010 1690 1102 1736 cum
1127 1682 1217 1737 arte
1241 1682 1282 1737 et
1306 1686 1396 1736 cum

352 1796 515 1895 ingenio
557 1796 736 1866 carmine
768 1793 890 1866 reddi
921 1796 1082 1871 omnia,
1128 1797 1216 1893 quis
1252 1790 1395 1894 neget?

356 1918 555 2026 Quorsum
579 1936 717 1992 tamen
735 1916 906 2017 studeas
939 1921 1142 1993 imitando
1176 1924 1395 2021 etprimere

352 2076 425 2131 ea,
459 2047 669 2151 aquibus,
697 2044 738 2142 fi
771 2047 884 2145 casus
903 2047 1110 2149 obtulerit,
1150 2049 1289 2123 oculos
1310 2049 1395 2121 ani·

307 2208 317 2217 ·
352 2202 540 2278 mumque
571 2178 827 2249 auertimust‘·
866 2193 907 2249 et
940 2202 1048 2277 quae
1085 2176 1163 2249 illa
1203 2178 1293 2253 Icus
1325 2170 1397 2276 effe

345 2303 494 2409 potest,
515 2302 556 2403 Ji
580 2308 810 2377 imitatione
833 2330 884 2376 ea
910 2302 1009 2379 bene
1031 2306 1269 2388 reddideris,
1311 2308 1395 2408 qui·

351 2434 441 2519 bus,
469 2432 510 2533 fi
533 2439 577 2507 in
601 2458 702 2507 vera
726 2438 817 2505 vito
842 2430 1085 2535 exprefferis,
1129 2432 1314 2508 omnibus
1337 2437 1397 2505 in-

348 2588 480 2669 genue
510 2566 616 2635 natis
646 2564 895 2660 importunus
927 2589 980 2635 ac
1012 2562 1196 2662 molesbcs
1225 2562 1398 2661 foedus·

349 2711 429 2796 'que
456 2692 661 2765 videaris?
703 2690 876 2770 Contra,
923 2694 1048 2765 modo
1076 2692 1244 2794 placeat
1270 2706 1398 2792 poeta

350 2838 403 2896 ac
435 2820 622 2901 delectet,
653 2815 695 2913 st
727 2816 889 2914 consilio
911 2818 993 2919 suo
1026 2819 1267 2921 respondere
1300 2824 1400 2893 eius·

350 2952 465 3023 modi
497 2949 722 3021 audaciam
752 2948 914 3026 videat,
954 2949 1056 3049 quid
1087 2974 1181 3021 eum
1204 2968 1315 3023 vetet
1340 2952 1401 3022 in·

348 3080 510 3155 terdum
549 3078 608 3149 ad
648 3075 866 3175 mythicam
904 3075 1115 3149 hominum
1152 3084 1287 3152 vitam
1327 3104 1401 3153 nos

348 3232 561 3285 reuocare,
600 3221 641 3275 et
665 3203 792 3276 talem
814 3215 950 3276 rerum
974 3207 1172 3290 ordinem,
1213 3210 1401 3289 modum,

349 3352 389 3411 et
401 3332 527 3434 situm
550 3330 754 3411 exhibere,
792 3336 863 3433 qui
892 3330 1025 3405 nullus
1046 3360 1230 3435 ‘anquam
1250 3334 1329 3433 nifl
1357 3340 1403 3408 in

348 3468 558 3540 hominum
589 3464 755 3562 egregia
785 3462 1045 3561 imaginandi
1074 3468 1120 3535 vi
1152 3464 1403 3565 pollentium

349 3596 496 3667 animis
508 3589 620 3687 fuit,·
656 3614 707 3661 ea
729 3602 869 3660 tamen
892 3596 1081 3666 cautione
1104 3593 1314 3677 adhibita,
1355 3610 1404 3666 ot

347 3747 399 3796 ne
421 3716 676 3795 incredibilia
694 3716 822 3816 plane
848 3732 888 3787 et
917 3718 978 3789 ad
1001 3720 1254 3820 praesentem
1280 3728 1406 3795 vitae

349 3849 676 3960 'consuetudinem
697 3844 812 3919 nullo
842 3846 965 3919 modo
981 3848 1223 3946 oerifimilia
1239 3850 1402 3954 fingat.

346 3981 555 4057 Interdum
582 4000 679 4046 vero
709 3975 813 4074 quid
841 3998 935 4046 eum
960 4002 1149 4079 negemus
1181 3984 1406 4081 antiquam

345 4102 464 4184 vitoe'
489 4100 729 4207 pastoritiae
763 4107 965 4179 rationem
998 4106 1207 4210 elegantiis
1245 4123 1286 4181 et
1330 4108 1407 4183 de·

347 4238 449 4311 liciis
473 4262 496 4307 e
517 4228 654 4333 nosba
676 4232 767 4302 vito
781 4234 935 4330 petitis,
969 4236 1092 4309 modo
1105 4236 1213 4338 sotis
1233 4236 1406 4337 consen-

346 4382 493 4441 taneae
503 4356 605 4463 suit,
637 4360 861 4458 temperare
888 4365 1101 4457 commode
1117 4361 1256 4468 poffu'
1294 4369 1408 4445 Non
