2942 5067
372 366 396 462 'i
467 334 471 341 ’
551 377 628 453 DE
654 376 913 461 cissimis
940 379 1241 457 Bvcomco

366 566 597 662 pretatione
631 569 705 637 oin
742 566 911 667 defungi
945 567 1076 668 officio
1099 566 1232 665 nostro
1265 568 1413 641 videbi-

370 718 480 775 mur,
529 690 602 789 nist
629 691 685 766 de.
706 691 883 769 bucolico
910 702 1076 771 carmine
1104 696 1290 795 uniuersa
1318 724 1411 769 non·

371 820 488 894 nulla
511 826 801 903 monuerimus,
831 826 981 927 dequo
997 824 1038 921 Ji
1059 842 1167 897 recte
1176 824 1410 922 sentiamus,

339 970 344 977 ’
375 946 547 1021 dubium
577 977 661 1023 non
696 948 767 1048 eli,
811 956 909 1051 quin
943 957 988 1024 in
1011 951 1118 1054 ipsis
1157 953 1218 1027 lu's
1252 954 1411 1055 Eulogis

374 1078 506 1173 multa
529 1084 674 1151 rectius
701 1106 752 1153 ac
770 1079 943 1177 facilius
962 1082 1240 1182 intelligantur
1264 1098 1304 1179 et
1324 1082 1411 1179 sen·

374 1210 541 1278 tiantur.
600 1208 823 1309 Permagni
843 1212 950 1280 enim
968 1209 1110 1306 refert,
1152 1225 1200 1281 ut
1222 1208 1276 1281 ab
1300 1214 1410 1281 initio

362 1330 512 1431 statim
544 1360 662 1406 veras
699 1362 834 1408 rerum
863 1342 1045 1410 notiones
1085 1352 1124 1409 et
1165 1336 1349 1438 aliquam
1373 1343 1412 1409 in

375 1464 514 1531 animo
545 1462 813 1559 informatam
843 1470 1026 1538 veritatis
1060 1481 1101 1537 et
1131 1466 1411 1567 pulcritudinis

374 1593 576 1661 rationem
600 1606 638 1661 et
660 1617 870 1674 normam,
922 1596 981 1667 ad
1004 1620 1126 1695 quam
1147 1586 1316 1697 fingula
1337 1600 1412 1668 eui·

371 1743 470 1818 gere
484 1714 622 1823 poffis,
646 1714 805 1826 afferas.
862 1721 946 1795 Vix
963 1739 1102 1794 autem
1124 1723 1243 1797 aliud
1262 1722 1317 1821 est
1332 1751 1412 1797 aar·

376 1846 494 1919 minis
522 1872 668 1947 genus,
731 1853 775 1921 in
813 1852 924 1921 cuius
961 1866 1113 1921 natura
1143 1848 1412 1949 constituenda

377 1972 484 2043 aclea
515 1976 559 2043 in
585 1974 764 2072 diuersas
777 1977 1003 2075 sententias
1031 1978 1224 2060 abierint,
1265 1988 1337 2083 qui
1358 1984 1412 2054 liis

376 2098 430 2170 de
459 2098 574 2172 rebus
608 2104 888 2192 tradiderunt}
933 2132 1062 2207 neque
1091 2106 1183 2213 lzoe
1198 2110 1411 2191 miraberis,

365 2223 673 2319 stmemineris,
718 2231 846 2331 ipsum
864 2260 990 2335 genus
1017 2235 1139 2309 latius
1154 2255 1318 2337 patere,
1359 2245 1413 2311 in-

373 2358 537 2453 genium
566 2373 703 2429 autem
734 2366 920 2462 cuiusque
954 2380 993 2435 et
1016 2366 1215 2438 iudicium
1253 2374 1412 2442 circum-

340 2570 350 2583 ·
363 2478 546 2579 scribere
574 2481 699 2567 illud,
745 2504 1018 2591 naturamque
1043 2512 1083 2565 et
1107 2501 1310 2569 rationem
1334 2525 1413 2569 car·

376 2613 494 2681 minis
520 2636 572 2683 en
586 2610 709 2710 sensu
728 2614 810 2712 suo
831 2616 960 2717 finire
979 2646 1032 2694 ac
1059 2620 1277 2726 designare.
1337 2629 1412 2701 No·

374 2734 434 2811 bis
462 2754 600 2811 tamen
629 2765 721 2811 curn
751 2741 974 2845 Virgiliani
997 2751 1244 2851 potiffimum
1274 2756 1411 2826 carmi·

375 2870 568 2969 nisyratio
596 2866 787 2942 habenda
811 2870 889 2968 stt,
940 2903 991 2948 ea
1027 2897 1188 2954 tantum
1219 2887 1412 2985 attingere

374 2994 532 3075 licebit,
585 3022 690 3095 quae
716 2997 775 3073 ad
802 3006 884 3075 eius
914 3006 1095 3079 indolem
1128 3028 1170 3082 et
1200 3013 1412 3110 artificium

250 3154 259 3207 τ
276 3109 277 3115 ¹
375 3124 674 3199 declarandum
687 3128 870 3228 aliquam
890 3137 976 3205 vim
989 3134 1136 3211 habere
1150 3140 1379 3213 videantur.

448 3320 506 3391 Et
530 3322 729 3395 Carminis
747 3326 913 3423 quidem
933 3328 1114 3423 bucolici,
1147 3332 1222 3410 tini
1243 3336 1311 3413 τῶν
1333 3332 1409 3423 βου·

375 3438 503 3535 eison
555 3450 666 3547 quod
705 3449 914 3549 pastorum
951 3484 1075 3560 genus
1108 3431 1408 3564 honestzffimum

373 3590 486 3652 erat,
526 3573 645 3655 dicti,
692 3576 730 3647 lz.
753 3605 785 3695 e.
812 3580 1007 3679 pastoritii,
1055 3593 1169 3691 origo
1191 3597 1308 3663 varie
1331 3610 1407 3663 tra-

275 3806 280 3809 ·
375 3700 488 3771 ditur
505 3718 548 3777 ‚et
568 3728 596 3771 a
621 3702 781 3800 diuersis
791 3701 950 3803 sabulis
972 3704 1171 3815 repetitur.
1224 3721 1322 3794 Sunt
1341 3724 1407 3821 qui

373 3830 457 3897 eius
478 3832 583 3900 initia
601 3833 644 3900 in
668 3850 805 3906 aetate
825 3863 973 3924 aurea,
1006 3844 1107 3942 sunt
1127 3853 1199 3948 qui
1221 3852 1264 3921 in
1280 3850 1405 3923 Arca·

318 3948 325 3961 ’
374 3952 448 4025 clia
470 3972 544 4025 aut
566 3958 610 4028 in
629 3958 769 4031 Sicilia
792 3986 1000 4062 quoerant.
1017 3974 1048 4067 *)
1096 3978 1187 4049 Alii
1203 3995 1404 4051 auctorem

406 4136 431 4201 ¹³)
447 4134 518 4191 Vide
539 4138 645 4195 Seruius
660 4162 700 4213 pr.
719 4144 872 4206 Comment.
914 4153 1020 4210 Putich.
1071 4160 1266 4219 Grammaticus
1293 4164 1404 4219 Graecus

373 4220 474 4277 Auctor
487 4226 564 4278 Vitae
585 4226 687 4300 Virgilii
704 4230 874 4289 Donationis
915 4258 954 4313 pr.
972 4242 1117 4301 Theocriti.
1151 4245 1156 4256 ’

376 4325 400 4363 c.
415 4328 458 4365 αι.
491 4310 638 4369 Diomedes
651 4312 696 4375 iib.
710 4318 755 4381 111,
770 4340 795 4392 p.
811 4325 871 4391 483.
