2942 5067
351 388 421 464 156
571 389 614 461 P.
637 389 885 467 VIRGILII
915 385 1173 468 MARONIS

343 580 403 650 Ne
426 579 509 676 quie
532 571 576 648 stt
593 573 720 665 lucus,
769 599 846 676 quo
875 575 910 651 i'e
936 577 1021 678 plus
1047 583 1161 654 iactet
1179 577 1331 678 Apollo.

346 711 451 808 Quid
465 711 612 812 loquer,
625 707 831 802 vtscyllam
837 709 926 790 Nili,
944 738 1060 814 quern
1074 711 1174 786 fama
1187 709 1384 804 secutaest,

414 891 448 960 73
467 892 528 944 Nec
541 887 627 942 Goth.
644 903 761 962 vterque.
807 891 869 944 Nec
890 897 939 963 pul
955 891 999 964 fit
1019 895 1099 947 lucus
1115 893 1241 948 Rottand.
1264 911 1291 950 et
1305 896 1386 950 Men-

345 974 391 1030 tel.
412 974 476 1027 ulter
495 992 510 1026 e
528 993 563 1026 m.
585 993 625 1047 pr.
669 994 724 1046 quo
745 975 811 1047 plue
824 977 863 1046 sc
886 979 952 1031 Van.
972 994 999 1033 et
1018 979 1120 1032 zulich.
1147 999 1208 1032 cunr
1235 981 1320 1038 Goth.
1342 1001 1385 1054 pr.

346 1071 382 1132 74
400 1059 477 1132 Quid
490 1062 595 1129 loquer
612 1075 662 1112 out
680 1061 806 1123 Scyllam
825 1063 888 1130 Nr'fi
907 1082 992 1135 quum
1003 1063 1036 1136 s.
1072 1063 1115 1117 sic
1127 1065 1226 1118 Medic.
1243 1086 1303 1120 cunr
1326 1067 1387 1121 aliit

345 1162 415 1207 vet,
444 1162 471 1199 tt
484 1160 511 1199 et
525 1145 625 1207 Gom,
647 1143 735 1220 licque
757 1145 817 1200 edd.
830 1145 907 1200 Aldd.
924 1168 962 1221 pr.
976 1165 1003 1204 et
1014 1149 1080 1212 lec..
1104 1165 1132 1203 vt
1145 1165 1235 1204 tamen
1250 1154 1388 1224 interpun-

346 1246 422 1303 gantt
458 1229 536 1301 Quid
551 1231 677 1303 loquer?
697 1247 756 1284 aut.
792 1235 825 1285 At
839 1232 954 1305 Nauger.
970 1237 998 1288 in
1011 1237 1088 1288 tertia
1101 1237 1252 1290 emendauit
1264 1253 1294 1289 vt
1307 1240 1389 1310 Scyt-

345 1319 420 1370 !amt
464 1313 552 1388 estque
569 1319 594 1369 ei
614 1317 722 1371 lectioni
744 1317 885 1371 auctoritas
900 1339 915 1371 e
928 1320 988 1374 cod.
1003 1320 1082 1374 lton.
1105 1337 1131 1373 et
1151 1319 1324 1392 suffragantur
1337 1322 1389 1376 viri

345 1401 435 1464 docti,
462 1402 492 1454 iu
507 1401 548 1454 hit
562 1403 693 1471 Brunclt.;
725 1417 753 1455 et
770 1401 906 1456 fetandum
920 1401 971 1466 est,
1004 1406 1152 1460 orationem
1173 1408 1211 1460 ita
1227 1406 1281 1458 lieri
1301 1405 1391 1460 leuio-

345 1509 410 1544 rem.
453 1486 768 1550 Gronou.0bil.1‚uu
805 1489 883 1541 etiam
903 1490 1061 1562 ingeminat:
1098 1492 1175 1563 Quid
1194 1495 1313 1564 loquar,
1353 1507 1390 1546 et

346 1577 470 1647 Scyllam
483 1572 560 1646 Ntfi,
582 1588 628 1637 ot,
650 1593 735 1645 quam
749 1571 781 1644 f.
818 1573 938 1646 Suppleri
961 1571 1067 1649 quidem
1089 1573 1175 1649 potest
1192 1591 1239 1638 ut,
1256 1586 1315 1629 toto
1330 1575 1391 1630 sen.

345 1664 488 1716 tentierum
506 1658 599 1713 ordina
612 1674 681 1712 recte
695 1655 834 1723 instituto,
855 1679 887 1714 ex
902 1679 925 1713 v.
942 1662 975 1730 78
1004 1665 1064 1715 Aut
1076 1677 1109 1714 vt
1123 1682 1160 1715 m.
1193 1660 1281 1716 Altera
1296 1677 1391 1716 tamen

347 1767 379 1802 ex
398 1763 472 1822 parte
489 1765 544 1799 non
563 1745 651 1798 minue
673 1743 798 1816 procliuia
819 1744 869 1798 luit
888 1744 988 1819 lapsue,
1012 1761 1040 1800 tt
1057 1761 1202 1801 mutaretur
1214 1764 1248 1802 ot
1268 1749 1296 1800 'tn
1319 1764 1391 1800 aut.-

346 1853 397 1888 nec
422 1833 510 1886 minor
537 1831 677 1884 auctoritate
701 1826 739 1882 est
759 1829 883 1884 Rometto
906 1849 987 1904 quam
1004 1831 1127 1886 Mediceo
1148 1831 1251 1886 Codici.
1306 1834 1391 1904 Quid

348 1915 478 1992 loquer?
505 1915 648 1970 enScN.
666 1915 874 1968 aestumetur.
910 1919 1065 1971 luSct'llam
1073 1920 1146 1972 Nixi
1159 1917 1275 1971 Parthas.
1301 1919 1390 1972 Porro

348 2020 400 2058 atet
415 2005 459 2058 Sc.
479 2004 517 2056 N.
537 2017 583 2054 ttut
601 2019 687 2073 quam
698 1997 730 2071 f.
741 1998 770 2068 s
790 1999 819 2052 in
837 1998 1042 2056 Pulmannianae
1062 2001 1180 2056 illatum:
1213 2022 1262 2055 nec
1282 2003 1390 2060 constet

349 2090 499 2162 auctoritat.
535 2088 617 2141 Recte
629 2086 718 2158 itaque
732 2081 856 2138 Heinfiue
874 2083 1017 2158 secundum
1036 2087 1141 2142 codices
1157 2090 1255 2162 expulit
1274 2087 1390 2144 alterum

347 2192 405 2229 etet.
462 2172 549 2226 Idem¹
568 2169 703 2233 obferunt,
734 2167 968 2242 interpolationem
994 2175 1057 2227 hinc
1082 2191 1182 2236 ortam,
1221 2174 1293 2247 quod
1319 2175 1390 2230 ditet

347 2259 461 2331 Scyllae,
489 2253 548 2311 Ntfi
569 2257 690 2316 alteram,
724 2253 832 2308 alterum
848 2256 943 2310 Phorci
959 2274 985 2312 et
998 2260 1143 2314 Cratueidit
1169 2258 1256 2331 (apud
1272 2259 1388 2314 Homer.

348 2347 401 2401 Od.
417 2370 448 2415 μ,
467 2351 523 2410 124.
543 2341 577 2394 cf.
590 2341 657 2396 Citio
671 2338 751 2411 utiq.
772 2356 798 2393 et
812 2339 848 2392 ibi
863 2359 961 2397 notate.
986 2345 1082 2416 Hygin.
1099 2345 1117 2398 l.
1136 2363 1185 2418 ¹99
1203 2349 1389 2414 euidentior),

348 2429 475 2486 confundi
495 2428 541 2481 hic
558 2425 685 2480 nolebant
697 2425 744 2477 viri
765 2425 852 2489 docti3
886 2428 959 2500 quod
978 2445 1068 2484 tamen
1089 2417 1182 2504 pailint
1203 2432 1311 2496 sectum.
1330 2437 1387 2489 vid.

347 2515 437 2575 Heius.
460 2511 542 2568 Ouid.
563 2510 643 2584 Epist.
661 2509 752 2564 sabini
765 2513 786 2573 Ι,
801 2514 843 2567 33.
878 2513 997 2568 Perizou.
1031 2515 1218 2570 Animaduerss'.
1237 2519 1297 2573 hist.
1320 2541 1342 2574 c.
1357 2539 1386 2592 9,

347 2618 374 2658 et
392 2599 485 2674 peffim
503 2597 562 2661 elii;
592 2595 639 2650 eust
656 2616 713 2649 nou
724 2612 778 2649 tem
793 2596 953 2651 confundere
973 2599 1077 2654 dicendi
1091 2601 1147 2656 sunt
1159 2621 1254 2674 poetae
1271 2603 1387 2668 fabulae.

348 2707 429 2763 quam
447 2687 535 2759 potiue
553 2683 637 2736 varios
656 2680 779 2734 narrandi
799 2681 894 2736 modos
915 2684 999 2758 lequi;
1025 2685 1098 2758 quod
1115 2688 1180 2740 bene
1193 2691 1298 2742 monuit
1317 2689 1389 2744 tioc-

345 2773 396 2828 tili.
412 2774 529 2826 Outtent
544 2769 625 2822 Noct.
642 2767 746 2837 Hagen.
766 2787 792 2838 p.
805 2767 916 2843 3891'qq.
953 2789 992 2823 att
1012 2773 1136 2844 Scyllam
1152 2772 1215 2842 Ntfi
1236 2793 1275 2826 an
1296 2795 1388 2846 quam

346 2849 419 2914 foere
437 2857 483 2930 qui
497 2853 680 2915 emendarent,
701 2851 773 2925 apud
786 2853 1000 2911 Tuubtuannum.
1035 2859 1124 2910 Fama
1140 2860 1259 2931 loquuta
1275 2860 1317 2931 (lt
1331 2879 1388 2917 tres

348 2964 391 3016 ap.
403 2945 513 3003 Burro..
534 2939 578 2993 [ed
596 2941 665 2993 mule
682 2936 743 3010 post
761 2937 832 3010 qaid
845 2941 956 3012 loquar.
991 2943 1123 2996 AMedie.
1138 2941 1210 3000 ebest
1225 2944 1280 3016 est‚·
1299 2948 1386 3002 Rom.

347 3041 524 3086 narreuerctt.
561 3026 684 3078 Ceterum
697 3026 725 3076 in
741 3023 811 3080 Voss'.
826 3041 852 3080 et
864 3027 928 3098 neg.
950 3042 1011 3080 ante
1023 3046 1046 3080 t.
1063 3039 1097 3098 74
1122 3045 1177 3084 erat
1196 3049 1305 3084 vet-uum
1326 3031 1389 3106 spa-

347 3117 423 3177 tium,
444 3131 497 3185 quo
513 3111 612 3180 apponi
624 3106 720 3163 scilicet
739 3110 791 3164 alio
803 3111 938 3184 pigmento
954 3109 1058 3166 fabulae
1070 3131 1252 3186 argumentum
1264 3115 1361 3188 poiIct.

350 3259 401 3337 75.
426 3255 478 3314 Ne
496 3253 568 3332 quis
576 3248 625 3325 stt
646 3248 754 3322 Ittcrts,
781 3271 846 3332 quo
887 3251 1055 3332 percenset.
1100 3254 1186 3336 Quid
1201 3256 1327 3340 loquer,
1351 3275 1391 3320 vt

347 3357 382 3428 fe
390 3357 468 3438 plus
480 3358 584 3413 iactet
595 3351 740 3432 Apollo:
761 3353 847 3434 quod
886 3358 1058 3415 nerreuerit
1079 3357 1228 3441 Scyllam,
1275 3373 1331 3418 eut
1354 3377 1392 3421 vt

348 3457 512 3540 fimpliciue
529 3451 704 3516 Callimach.
724 3457 759 3512 in
772 3453 844 3515 Del.
886 3457 1021 3518 Tereum
1034 3471 1188 3519 mutatum
1198 3465 1388 3536 narrauerit,

347 3565 409 3640 269
445 3555 512 3623 οὐδέ
539 3580 585 3626 τις
619 3545 700 3635 ditty
727 3548 846 3620 Pettium
886 3556 916 3618 lt.
932 3557 1049 3620 fabulae
1064 3560 1103 3622 de
1112 3561 1214 3646 Scylla
1228 3563 1389 3627 etTereo.

344 3653 486 3728 τοσσόνδε
526 3655 594 3742 θεῷ
635 3649 843 3741 “deiiceret
885 3661 1017 3745 Scyllum
1031 3681 1116 3722 nunc
1130 3661 1391 3744 lecitpoetaNifi

346 3756 443 3848 dett».
611 3785 614 3792 ·
856 3793 859 3803 ,
883 3763 994 3834 filiam,
1020 3785 1100 3846 quae
1117 3765 1183 3825 eliis
1201 3769 1303 3846 poetic
1323 3768 1391 3830 elie

387 3874 439 3948 74.
465 3860 555 3948 Quid
569 3861 698 3945 loquar.
736 3859 843 3944 Pergit
885 3884 921 3926 ac
940 3865 1057 3926 diuersa
1082 3865 1141 3942 est,
1176 3865 1288 3928 Photui
1313 3876 1391 3953 qui-

344 3985 587 4030 commemorere
604 3965 711 4025 Silenii
732 3970 841 4024 carmi·
883 3967 955 4029 dem
974 3968 1044 4028 filia.
1066 3991 1095 4029 v.
1112 3971 1185 4030 Ver.
1200 3973 1285 4032 Lect.
1330 3973 1391 4036 De

342 4075 391 4132 uie
408 4084 638 4154 argumentum,
667 4087 735 4128 nott
758 4067 840 4127 Gelli
882 4067 1000 4154 vtyffit,
1016 4071 1091 4132 dum
1104 4071 1392 4154 praeterueheren-

340 4173 498 4244 versuum:
541 4171 698 4234 breuitatis
734 4185 839 4231 eutem
881 4188 950 4248 tur,
971 4173 1057 4236 lociie
1073 4175 1202 4259 escylia
1221 4175 1390 4240 deuoretie

339 4272 439 4336 studio
452 4272 576 4351 strictim
590 4273 854 4362 tentumsebulee.
880 4289 957 4338 note
975 4274 1087 4338 lubuit.
1122 4276 1182 4338 vid.
1209 4275 1318 4362 Odyffi
1345 4307 1388 4358 μ,
