2942 5067
175 327 179 335 ’
214 374 564 499 enonercon
595 376 696 451 mr.
719 377 749 469 1,
767 379 983 486 209-μὸ
1048 380 1123 461 525

94 569 170 643 Nec
190 590 270 639 non
290 580 328 639 et
351 524 419 644 lini
441 561 601 664 segetem
620 582 659 641 et
682 564 840 641 Cereale
866 592 1034 667 papauer

93 702 254 811 Tempus
274 698 393 774 humo
413 706 558 801 tegere}
601 714 640 775 et
666 698 888 775 iamdudum
905 700 1126 785 incumbere

708 825 857 896 aratrirr

152 1004 205 1061 113
222 1001 322 1075 rasim
341 1005 370 1057 in
390 1004 514 1057 Romano
535 1020 562 1059 et
581 1005 670 1060 multi·
692 1023 734 1079 ep.
754 1004 844 1061 Heius
867 1021 895 1062 et
913 1004 1029 1060 Pieriam
1049 1020 1076 1061 et
1094 1007 1126 1063 iu

92 1106 194 1163 rtroque
215 1089 302 1144 Goth.
350 1088 395 1143 sie
413 1108 519 1162 quoque
541 1106 653 1163 quatuor
673 1091 744 1164 apud
763 1092 926 1155 Mertlnum,
961 1094 1062 1166 quiite
1081 1112 1125 1148 et·

92 1178 162 1251 primi
191 1176 296 1230 curauit
314 1192 375 1229 cum
405 1176 538 1229 Brunckio
565 1194 591 1230 et
611 1176 761 1231 Wakefield
789 1197 821 1233 ex
836 1179 877 1234 ed.
900 1192 999 1233 tutet
1022 1178 1127 1252 plaeere

92 1260 191 1334 pellunt
211 1260 312 1333 rastri,
334 1260 397 1333 quit
419 1259 453 1313 de
470 1260 523 1313 lini
537 1276 564 1315 et
579 1270 734 1332 papaueris
755 1262 856 1317 senone
877 1264 961 1335 egitur
975 1262 1028 1317 itm
1044 1264 1123 1328 stete,

93 1349 129 1402 tui
147 1348 264 1401 succedit
283 1346 400 1399 sarritio:
429 1361 456 1399 tt
475 1346 557 1399 trotio
576 1346 753 1419 praecelleret.
794 1348 950 1402 insolentius
967 1348 1004 1402 sic
1022 1348 1125 1427 dictum

92 1435 166 1488 rideri
191 1430 274 1507 pollet
293 1432 455 1487 incumbere
476 1430 589 1501 rosim:
621 1432 709 1488 liceret
729 1450 820 1487 temen
837 1436 952 1506 cogitem
973 1433 1007 1488 de
1025 1434 1126 1509 nysae

93 1528 189 1590 itique
208 1517 355 1591 pondere.-
382 1534 406 1571 r.
425 1518 481 1585 164.
523 1516 577 1571 Sed
595 1511 678 1573 versut
694 1514 801 1591 sequeus
820 1516 934 1573 declaret
952 1518 1027 1583 serie,
1060 1540 1126 1593 poe-

93 1622 140 1659 ιω
159 1620 333 1676 praeceptum
353 1601 387 1655 de
407 1603 524 1657 tratione
550 1602 702 1677 tempestiue
728 1602 848 1657 faciendi
865 1602 1013 1672 summatim
1031 1604 1126 1663 ite'rm

93 1686 220 1743 mluill'er
261 1687 354 1740 eedem
372 1702 461 1739 eutem
482 1706 531 1739 uec
550 1690 642 1753 minut
663 1706 724 1761 eger
742 1688 798 1742 lino
821 1688 993 1743 conseratdue
1013 1690 1122 1763 indiget.

94 1785 172 1829 rutrt's
192 1771 303 1827 Mentel.
323 1789 388 1825 tm.
402 1790 443 1845 pr.
479 1772 563 1827 sturno
579 1772 619 1847 est
639 1790 734 1847 tegere
747 1774 850 1830 Zuliclt.
887 1790 915 1830 et
934 1775 1042 1830 dudum
1052 1776 1125 1831 idem

5 1936 7 1941 ,
94 1879 147 1914 euru
159 1859 260 1914 Mutet.

5 2024 6 2037 ¹
93 2036 185 2098 mque
201 2013 240 2075 ed
253 2010 392 2075 brumale
402 2012 507 2099 frigus,
523 2016 583 2081 dici
625 2016 745 2083 Verum
790 2015 952 2099 scriptoret
1006 2016 1125 2080 nudati

93 2113 206 2199 potest,
250 2137 347 2201 usque
370 2118 410 2179 ed
430 2116 583 2181 brumale·
625 2118 785 2195 brumum,
810 2116 966 2181 solstitium
979 2115 1123 2196 hiemale,

93 2218 211 2283 imbret-
231 2216 279 2279 Itu
291 2238 359 2281 non
372 2234 480 2302 peccet
493 2220 583 2281 Mero
628 2220 737 2283 diserte
752 2203 956 2283 memorent.¹
980 2216 1031 2281 De
1046 2220 1124 2282 hor·
1223 2250 1225 2260 ·

93 2324 123 2384 lu
147 2336 351 2403 praeceptum
382 2322 585 2405 agricolarum
627 2322 691 2385 deo
723 2323 794 2405 poll
825 2326 1055 2407 aequinoctium
1077 2323 1124 2387 se·

95 2444 138 2505 tp.
145 2424 281 2485 Plinium
288 2412 402 2495 XVIII,
411 2424 431 2486 s.
440 2427 482 2487 56
495 2426 588 2483 Inter
627 2426 727 2489 rendd
743 2422 878 2507 expresse
894 2442 1025 2487 mouent
1040 2428 1124 2491 Geo-

96 2546 202 2585 omnes
216 2540 330 2585 autem
344 2529 510 2597 contremit,
523 2530 587 2587 oir-
627 2548 702 2611 pon.
718 2528 759 2602 11,
778 2536 828 2607 14,
843 2530 873 2591 ὅ.
894 2528 975 2589 Plin.
999 2530 1123 2593 colum

95 2628 296 2690 eahrnmam
312 2628 497 2705 serendum
517 2650 586 2689 non
626 2631 647 2692 l.
662 2652 687 2691 c.
728 2632 862 2691 Desino
877 2650 906 2691 v.
922 2650 984 2693 212
1004 2632 1123 2695 diuersa
1244 2676 1247 2685 ·

5 2792 7 2805 Α
96 2730 171 2811 effe.
193 2731 233 2793 de
250 2750 314 2813 qno
336 2730 373 2790 cl.
394 2730 531 2793 Dickson
543 2730 584 2793 T.
625 2734 708 2794 idem
718 2732 845 2806 Plinius,
860 2736 952 2795 etiam
961 2732 1124 2797 deTrane·

95 2832 299 2917 11,p.r76sq.
318 2832 530 2915 Colum.11,9
551 2848 584 2897 et
627 2836 757 2918 pedanio
763 2879 775 2910 ‚
818 2834 910 2895 trudit
935 2834 1051 2910 XVIII,
1070 2837 1123 2901 56.

96 2934 132 2995 tl.
145 2935 582 3017 Vmo12341211n.xv111;
624 2937 795 2999 Decembri
820 2936 925 2998 mense
951 2936 1050 2997 linum
1079 2937 1125 2999 se·

100 3057 145 3112 ro,
172 3040 199 3115 ς.
223 3058 250 3097 r.
313 3045 364 3116 24,
385 3038 407 3099 s.
431 3040 473 3101 56
500 3042 583 3121 inpr.
624 3060 694 3103 rere
714 3039 802 3101 iubet
824 3038 996 3102 Columella
1011 3039 1052 3114 II,
1072 3061 1123 3116 ro,

97 3140 236 3221 Geopon.
258 3138 299 3214 Π,
319 3148 358 3219 ι4
392 3126 465 3201 hinc
483 3136 583 3201 meffie
629 3160 678 3223 17.
717 3162 871 3223 papauer
885 3140 1030 3215 Cereale,
1049 3146 1124 3225 quie

97 3246 262 3305 necminur
280 3247 437 3304 maturior.
470 3243 502 3301 st
518 3263 583 3307 ver·
626 3246 748 3305 Cereris
764 3259 981 3305 ornamentum
1002 3242 1125 3328 lymbo·

97 3341 140 3405 sus
164 3347 197 3405 in
224 3360 321 3427 poete
343 3346 419 3406 alim
447 3349 583 3429 regionis
624 3346 718 3409 licum
732 3343 793 3407 elle
806 3346 899 3421 solet,
929 3344 1067 3429 insignis
1091 3362 1125 3411 et

99 3462 133 3505 tc
152 3446 224 3507 ceeli
247 3462 437 3523 occurreret,
483 3445 585 3529 pollet
627 3448 711 3531 apud
744 3464 863 3528 poetae.
935 3450 1126 3511 incumbere
1160 3506 1164 3512 .

98 3544 162 3613 lene
182 3545 222 3609 stc
259 3553 375 3629 accipi,
417 3564 451 3611 vt
474 3549 585 3612 bruma
625 3553 771 3611 aratris:
834 3553 964 3612 omniuo
999 3568 1124 3615 mature

100 3654 219 3711 omnino
246 3648 283 3711 fit
319 3666 440 3733 tempus
483 3649 585 3715 hiber·
627 3653 777 3715 erendum
794 3649 854 3713 elle
868 3657 1037 3735 praecipit,
1067 3652 1122 3717 etsi

100 3766 184 3818 uum,
211 3756 297 3813 cuius
317 3772 388 3835 petr
410 3758 497 3835 prior
515 3756 584 3837 pln—
626 3760 720 3817 etiem
749 3754 789 3816 ed
816 3754 874 3815 lini
900 3770 931 3815 et
956 3760 1122 3837 pupeuerir

100 3850 227 3928 riosefit,
241 3860 401 3937 quemnlx
416 3872 448 3917 et
460 3858 582 3941 glucies,
624 3856 775 3919 sationem
801 3872 883 3917 terre
904 3873 1013 3918 eretur.
1061 3878 1125 3917 mr-

101 3964 244 4038 temquem
260 3956 359 4017 alteru
370 3976 441 4039 pers
463 3964 584 4041 excipe·
626 3957 695 4017 bila
725 3958 890 4039 pendent,
925 3960 1084 4043 eleganter
1104 3980 1124 4021 e

101 4070 160 4134 ret3
190 4056 250 4121 esse
266 4058 348 4120 edeo
368 4057 520 4123 hordeum
539 4061 585 4124 se·
624 4076 734 4123 nutura
748 4065 812 4137 rei,
834 4060 968 4124 nubibus
981 4062 1123 4123 nondum

103 4159 220 4223 rendum
241 4182 339 4245 voque
366 4162 406 4223 ed
431 4179 584 4225 extremos
625 4168 660 4227 in
687 4163 801 4225 imbreo
828 4164 941 4225 solutis.
1005 4164 1125 4225 Laudat

103 4256 202 4323 imbres
218 4278 291 4327 ente
312 4264 407 4347 lngus
427 4270 582 4351 ingruens.
624 4250 746 4339 uersum
762 4264 883 4327 Colum.
897 4264 938 4338 11,
954 4266 987 4332 8,
1000 4263 1031 4328 ὅ.
