2942 5067
199 401 543 479 GEORGICON
564 399 665 473 LIB.
689 398 765 489 III,
781 393 995 486 455-440
1035 463 1037 466 .
1069 407 1145 508 629

108 591 260 670 Arduus
281 590 330 665 ad
350 591 465 668 solem
485 604 524 666 et
544 588 679 689 linguis
698 589 811 666 micat
827 611 892 660 oro
912 587 1077 668 trisulcis.

182 725 406 832 Morborum
438 739 663 828 quoquere
691 716 830 797 cauffas
868 739 907 796 et
941 724 1041 826 signa
1079 730 1147 807 do.

777 854 886 932 cebo.
1070 873 1145 954 440

109 1073 185 1148 quoii
204 1091 220 1128 t
238 1072 362 1145 scriptore
378 1067 503 1125 biiiorire
521 1069 646 1125 neturuiir
666 1070 711 1144 qui
732 1072 766 1126 de
783 1071 888 1127 incertis
900 1073 1071 1148 pronuntiare
1089 1099 1146 1134 nou

109 1161 223 1222 cudent,
249 1174 346 1213 aer-
358 1171 416 1211 aur
455 1157 525 1211 Sutia
539 1173 594 1212 erut
612 1155 705 1211 efferre
725 1157 787 1212 istu:
821 1177 900 1213 noua
918 1159 996 1234 ρςίῐσ
1016 1165 1147 1221 indutum

110 1247 258 1319 serpentem
283 1263 345 1298 cum
370 1244 483 1298 maximo
503 1244 541 1296 ire
565 1259 711 1297 tumentem
729 1243 835 1298 saeuire.
870 1245 930 1300 Nec
951 1247 1025 1318 pluro
1043 1269 1165 1320 metuo-¹

110 1347 204 1386 rentur
220 1332 248 1383 in
269 1330 352 1384 altero
370 1328 432 1382 loco
456 1333 520 1383 Aen.
538 1329 571 1389 11,
586 1330 638 1397 475
651 1355 686 1368 ·-
697 1333 749 1397 476
796 1333 938 1400 Qualir—
951 1345 1026 1387 nunc
1046 1328 1146 1409 postet:

112 1437 208 1472 nomae
235 1407 348 1470 exuuiis
374 1415 540 1486 nitidusque
568 1422 686 1466 iuuenta
706 1415 830 1470 Lubrica
861 1420 1007 1473 conuolare
1023 1416 1144 1492 sublato

109 1517 228 1576 pectore
251 1518 332 1574 terga
348 1502 465 1554 Arduus
487 1500 529 1569 od
543 1499 654 1570 solem,
682 1503 828 1573 etlinguir
845 1511 997 1558 miratore
1014 1509 1144 1580 trisuleir.

109 1591 210 1660 Neque
227 1606 270 1661 tp.
285 1587 413 1644 Nicandr.
427 1587 458 1641 31
475 1585 511 1658 tq.
542 1595 621 1659 quern
639 1582 728 1641 noster
745 1603 806 1641 tute
826 1586 918 1642 oculor
938 1588 1039 1655 hebuit,
1063 1614 1147 1651 annu.

111 1683 249 1730 merantur
266 1673 349 1736 boec,
375 1687 425 1724 aur
444 1673 554 1726 catulos
574 1685 625 1724 aut
643 1691 709 1725 oua.
759 1672 912 1745 suspicabar
940 1675 1029 1749 itaque
1056 1682 1109 1734 duo
1130 1701 1148 1738 o

108 1776 191 1835 poete
212 1760 276 1834 poni
296 1776 435 1830 tempora,
460 1756 555 1829 quibus
576 1755 679 1828 serpent
698 1757 771 1812 iuriis
791 1760 903 1814 maxime
917 1763 1063 1827 exardescit,
1079 1767 1149 1838 pelle

111 1861 216 1902 mutere
229 1861 256 1900 et
270 1865 285 1898 e
297 1845 453 1918 puerperior
472 1857 500 1897 vt
510 1843 633 1916 scriptum
647 1842 709 1898 esset
725 1842 759 1897 ab
771 1862 802 1898 eo
814 1865 820 1896 t
843 1847 933 1918 Quum
944 1847 1044 1918 postus
1056 1871 1148 1911 noune

113 1940 226 1986 exuuiis
247 1931 411 2001 nitidusque
430 1936 548 1982 iuuenta
572 1931 717 1991 Voluitrrr,
757 1945 807 1983 aur
829 1933 938 1985 catulos
958 1943 1038 1989 rectit
1060 1953 1147 2011 arque

113 2035 172 2074 oua
194 2017 357 2088 relinquens
378 2010 497 2067 Arduus
524 2014 564 2066 ad
580 2013 677 2085 solem
697 2019 804 2087 llnguic
828 2021 914 2070 micat
934 2037 987 2072 ora
1013 2023 1145 2092 trisulcis,
1258 2055 1267 2074 ,

111 2105 165 2176 439
182 2118 209 2157 et
230 2100 301 2156 obest
321 2120 336 2154 e
354 2099 427 2154 Leid.
443 2099 553 2153 etToii.
590 2119 639 2153 ore
655 2101 709 2153 Eri.
745 2093 820 2154 idem
839 2097 922 2159 verius
942 2104 1008 2161 Aen.
1030 2109 1063 2172 11,
1084 2115 1146 2182 475.

111 2200 164 2259 440
185 2187 302 2261 carffnr.
344 2187 415 2240 Cum
429 2185 583 2238 morborum
602 2180 701 2239 conisae
719 2199 800 2259 poete
813 2206 869 2242 non
883 2187 1018 2262 expediet,
1045 2191 1089 2251 ieri
1107 2218 1147 2254 re·

111 2273 219 2330 medie:
244 2275 283 2328 lo.
298 2270 436 2327 Schrader.
456 2268 587 2335 emendet,
606 2286 695 2326 curat.
729 2269 819 2329 Nimit
830 2273 915 2331 seuere
928 2277 955 2330 in
971 2293 1057 2352 poeto.

112 2466 238 2523 temen,
267 2447 354 2533 quod
371 2443 473 2508 Cerdo
495 2444 610 2521 etalii,
650 2463 736 2508 nunc
756 2443 935 2518 Schneider.
954 2445 1149 2539 Pbyiiologio

114 2575 178 2616 ouo
192 2567 244 2612 eut
258 2551 374 2611 cetulor
388 2554 451 2609 iarn
470 2553 538 2610 ouis
559 2569 611 2610 ex·
652 2547 835 2630 amphibior.
902 2554 1068 2635 specimen
1115 2557 1148 2632 1,

114 2655 223 2718 cluit.
262 2655 408 2714 Ceterum
421 2647 541 2712 neceiie
555 2647 610 2725 est,
650 2655 856 2735 prg.1e.13.
905 2657 979 2735 439.
1000 2659 1148 2720 Commu·

113 2757 283 2821 fecundum
311 2771 438 2837 poetam
462 2749 610 2826 nostrum,
651 2759 734 2817 niori
756 2758 876 2818 ratione
894 2759 996 2818 micat
1020 2761 1148 2840 lingua,

113 2876 149 2921 vt
175 2859 287 2922 eodem
316 2873 457 2938 tempore
486 2856 611 2938 serpens
653 2857 728 2918 dum
752 2858 894 2920 celeriter
914 2875 1074 2937 mouetur,
1103 2867 1149 2924 vi·

114 2978 150 3025 et
183 2961 298 3043 pellem
327 2975 419 3021 exuet
452 2975 485 3021 et
511 2963 611 3041 periet
653 2961 777 3032 bretur3
824 2961 960 3036 doctius,
1007 2963 1149 3048 serpens

115 3083 180 3128 our
225 3079 278 3123 eut
322 3064 438 3124 catulos
482 3063 609 3123 educet:
652 3065 756 3123 micat
769 3061 891 3143 linguis
904 3068 938 3126 iu
954 3087 1021 3129 ore.
1064 3069 1146 3128 Turn

114 3185 198 3251 quoe
210 3185 252 3226 en
271 3185 343 3227 vere
362 3165 449 3227 irase
463 3164 610 3240 habeant,
651 3165 780 3226 arduus
807 3167 857 3228 ad
872 3167 1001 3245 solem,
1029 3186 1147 3250 erector

112 3289 184 3332 non
203 3273 338 3350 reperio.
381 3269 546 3350 Serpentes
566 3269 612 3330 ie·
653 3270 693 3332 ud
708 3271 839 3347 coelum,
860 3271 913 3334 sed
931 3293 1001 3336 cum
1020 3273 1146 3350 dilectu,

114 3389 183 3434 turn
204 3393 278 3433 vere
302 3388 486 3455 conceptum
507 3371 611 3432 menie
652 3373 692 3434 ed
717 3374 830 3448 solem,
870 3379 953 3435 cuiue
976 3377 1077 3438 calore
1099 3399 1149 3440 re-

111 3471 253 3559 Augusto
271 3474 383 3549 edere,
413 3474 542 3556 spolium
558 3495 611 3534 ou·
653 3493 784 3538 creetur.
831 3475 976 3538 Iunctum
997 3475 1055 3540 eii:
1077 3481 1149 3541 vol·

114 3594 180 3642 tem
195 3576 296 3640 bieme
311 3576 453 3659 depulso,
482 3597 543 3659 quo
557 3575 611 3636 iub
652 3579 745 3637 viror
765 3576 795 3642 h.
812 3599 838 3643 e.
859 3581 957 3642 voluit
972 3579 1013 3657 se,
1041 3599 1074 3642 er
1089 3587 1149 3644 mi·

113 3681 211 3742 humo
226 3681 391 3753 latuerant,
410 3679 612 3752 incalescente
654 3694 710 3740 cat
730 3677 865 3743 ardrrus.
894 3717 938 3730 -
1000 3691 1075 3764 440.
1095 3687 1147 3747 De

114 3783 199 3858 sole,
240 3783 398 3845 interdum
437 3798 542 3844 temen
580 3798 613 3845 et
654 3781 769 3843 morbis
797 3789 903 3845 ouium
930 3785 967 3846 cf.
989 3785 1089 3848 Varro
1108 3788 1147 3850 R.

115 3903 286 3949 eurtumno
322 3906 452 3960 exuere,
494 3906 613 3946 memo·
653 3885 692 3945 tt.
714 3885 754 3960 11,
783 3907 809 3960 t,
839 3909 876 3948 21
893 3887 936 3972 sq.
981 3887 1182 3948 Animad·.

114 4005 227 4052 rentur
245 3987 285 4048 eb
307 3985 429 4049 Aristot.
451 3989 489 4051 H.
508 3991 611 4049 Anim.
651 3987 866 4059 vertendum,
918 4009 1005 4075 quae
1040 3995 1147 4052 cirint-

113 4091 171 4154 lib.
183 4093 224 4164 V,
240 4070 315 4153 extr.
336 4091 420 4165 ·v111,
442 4095 490 4165 15,
505 4092 543 4154 ui.
563 4111 610 4173 ¹7·
652 4113 718 4176 que
755 4091 862 4152 morbi
892 4090 964 4167 fine
1004 4093 1146 4174 cauffae,

116 4199 172 4279 qui
191 4195 278 4255 iocur
301 4194 340 4255 de
355 4198 537 4257 vernatione
552 4193 612 4255 ier·
653 4193 910 4278 quaeqrrbsrgna
925 4213 1039 4255 earum
1054 4197 1147 4274 oaus-
1215 4273 1221 4286 .

112 4313 248 4381 pentum
269 4293 314 4358 est
334 4294 475 4358 clufficur.
529 4296 612 4360 Vide
641 4297 763 4378 sarum
774 4294 858 4374 stur,
884 4310 918 4356 er
934 4317 1021 4382 quae
1035 4317 1145 4384 quent-
