2942 5067
369 446 548 501 xxxrnr
719 415 1108 511 PRAEFATIO

373 626 550 706 Mediceo
572 624 762 727 antiquior
782 618 850 711 est,
876 618 993 692 modo
1013 619 1089 695 h'oc
1104 618 1220 695 modo
1243 615 1338 693 illud
1361 616 1379 691 s
1395 661 1412 677 ·

375 770 513 869 quitur.
576 754 703 854 Quid?
745 744 923 857 quod'ne
943 752 1018 855 ipse
1042 755 1197 857 quidem
1216 756 1412 833 Mediceus

369 918 518 977 certam
537 911 576 968 et
597 888 828 966 constantem
845 894 1031 963 rationem
1048 888 1184 982 seruat,
1212 888 1275 964 sed
1296 896 1337 963 in
1353 918 1412 967 ea-

368 1035 465 1110 ·dem
486 1024 675 1103 interdum
694 1050 788 1099 voce
808 1024 925 1098 modo
946 1024 1089 1099 adhoc
1110 997 1305 1099 modoad
1319 1026 1411 1101 illud

320 1198 323 1208 ⁸
376 1160 546 1244 aberrat?
572 1160 659 1235 Plus
676 1158 823 1252 efficias,
837 1158 863 1233 sr
877 1166 1060 1233 rationem
1076 1180 1217 1234 certam
1235 1160 1410 1236 adhibeas

292 1396 300 1406 ,
354 1267 358 1278 .
377 1324 416 1380 et
430 1304 533 1373 hunc
547 1303 587 1370 in
602 1295 760 1369 modum
775 1296 1059 1394 argumenteris:
1092 1300 1344 1397 antiquiorem
1357 1326 1412 1371 ra-

376 1445 521 1514 tionem
534 1430 637 1507 haud
654 1430 770 1504 dubie
783 1428 888 1505 suiffe
905 1430 1094 1504 duriorem
1107 1428 1155 1502 ad
1171 1457 1300 1507 aurem
1314 1452 1353 1508 et
1363 1432 1410 1508 se·

363 1578 577 1659 'veriorem3
593 1564 816 1641 succedente
829 1582 999 1666 tempore
1014 1548 1227 1641 molliorem
1242 1586 1281 1641 et
1294 1564 1411 1641 lenio-

375 1734 474 1799 rem3
518 1700 838 1806 quemadmodum
878 1697 1124 1800 antiquislima
1162 1672 1287 1777 aetite
1311 1702 1411 1776 rudis

375 1846 514 1932 suerat,
550 1833 701 1911 horrida
727 1852 767 1909 et
790 1830 932 1935 aspera3
981 1836 1180 1911 Maronem
1205 1836 1330 1911 media
1350 1836 1410 1909 illa

370 1968 520 2055 ¹ratione
536 1968 730 2061 essedum,
754 1968 820 2045 etsi
835 1966 1018 2044 nonnulla
1031 1996 1078 2046 ex
1093 1968 1288 2073 asperitate
1300 1970 1411 2073 prisca

356 2106 515 2217 “aspersa
528 2106 717 2199 habuerit,
750 2122 790 2178 vt
808 2104 881 2176 olli
895 2130 963 2205 pro
979 2104 1034 2179 isli
1040 2135 1050 2197 3
1076 2093 1112 2180 'si
1132 2106 1250 2181 modo
1267 2112 1411 2183 Macro.

374 2250 460 2325 bius
476 2263 514 2319 et
529 2240 671 2317 Gellius
684 2218 845 2313 non-sibi
856 2245 1001 2341 imponi
1015 2236 1104 2341 passi
1118 2228 1214 2333 sunt,
1246 2268 1334 2318 cum
1349 2262 1410 2313 aff.

374 2390 501 2483 tiquos
519 2362 669 2453 codices
690 2342 918 2476 pro⁸Virgilii
937 2402 1052 2467 manu
1071 2374 1137 2451 fibi
1160 2377 1313 2451 obtrudi
1335 2400 1410 2451 non

376 2512 727 2592 animaduerterent.
780 2512 921 2583 Verum
936 2528 1062 2585 tumen
1079 2510 1272 2613 sequamur
1286 2513 1360 2587 hoc
1374 2530 1410 2585 et

349 2652 628 2751 .·relinquamus
644 2646 793 2718 Maroni
815 2642 1030 2745 scripturam
1048 2644 1167 2739 illam,
1212 2672 1326 2746 quam
1348 2672 1409 2718 un·

374 2793 575 2889 tiquiorem
597 2778 670 2857 esse
692 2796 884 2884 putamusz
927 2805 975 2852 an
994 2806 1082 2854 vero
1103 2782 1317 2885 putabimus
1341 2806 1407 2855 noa

372 2925 476 3001 illum
497 2918 637 2993 habere
656 2914 738 2990 satia
755 2910 921 2990 certam?
958 2934 996 2989 et
1009 2914 1225 2992 Mediceum
1239 2918 1408 2993 codicem

375 3047 448 3137 'elie
469 3052 645 3143 fundum,
680 3056 759 3142 cui,
789 3070 827 3125 vt
842 3050 985 3126 adeius
1000 3076 1146 3127 rnorem
1161 3056 1290 3126 omnia
1305 3050 1408 3128 resin·

373 3220 455 3296 gas,
481 3188 562 3263 satis
577 3192 685 3260 inniti
697 3183 834 3287 possis?
885 3190 968 3261 Hoc
983 3212 1070 3261 vero
1086 3188 1180 3261 nihil
1194 3189 1319 3264 rideas
1335 3212 1410 3261 ma·

373 3335 427 3431 gis
449 3324 653 3413 lubricum,
700 3323 933 3422 omninoque
959 3339 1039 3396 tota
1069 3329 1214 3399 ratione
1242 3323 1336 3397 nihil
1355 3325 1409 3395 in·

371 3458 614 3549 constantius,
641 3454 667 3530 [ἰ
688 3455 842 3557 quidem
863 3454 912 3528 ud
934 3474 1035 3531 certa
1055 3462 1237 3560 principia
1259 3486 1338 3534 rem
1351 3482 1406 3531 re·

370 3597 574 3674 vocaueris'.
633 3593 819 3693 Praecipit
838 3589 901 3664 illa
921 3596 1035 3683 ratio,
1075 3620 1125 3667 ne
1143 3593 1350 3696 praeposita
1368 3596 1407 3665 in

362 3722 488 3809 'verbis
510 3724 722 3827 compositis
746 3724 1011 3827 colliquescunt
1035 3752 1123 3803 cum
1143 3727 1269 3819 verbo,
1293 3746 1404 3827 vtque

368 3870 465 3945 adeo
484 3863 659 3942 scribatur
671 3860 864 3942 inludere,
881 3888 961 3937 non
974 3861 1152 3953 illudere3
1177 3862 1402 3937 conludere,

366 4030 447 4078 non
471 3996 682 4087 colludere3
723 3998 931 4099 adripere,
964 4023 1056 4071 »non
1077 4001 1259 4099 accipere.
1327 3998 1402 4069 Cur

365 4158 492 4213 tamen
512 4160 590 4209 non
611 4128 749 4209 eodem
761 4158 870 4210 more
882 4138 1042 4234 inperat
1056 4131 1249 4209 scribitur?
1283 4150 1332 4221 et,
1360 4125 1397 4219 s,

345 4270 538 4374 inperat,
562 4296 630 4347 eur
642 4296 723 4347 uon
744 4272 1026 4371 etinperinm?
1068 4281 1136 4348 'cur
1153 4294 1250 4346 non:
1282 4264 1395 4366 obpe-
