2942 5067
304 398 545 475 PRIORlS
590 394 899 474 EDITIONIS
1017 424 1144 479 xxtn

12 586 13 661 d
102 602 289 707 iungenda
309 622 396 681 erat
418 604 546 707 aliqua
559 585 692 679 eorum
714 609 860 678 notatio
884 622 925 679 et
938 600 1144 708 descriptio,

11 990 13 1111 i

11 746 12 787 ³
100 746 135 813 in
153 767 247 842 qua,
290 764 336 817 re
365 740 443 842 ipsa
471 744 674 832 innitente,
717 764 798 813 non
816 740 934 814 modo
961 742 1145 819 nonnulle

11 904 13 959 t
100 876 313 977 diligentius
330 872 493 967 excuffi,
517 897 617 977 quae
632 872 681 947 cd
692 872 829 949 horum
844 874 1020 951 codicum
1032 876 1144 953 histo·

100 1012 181 1083 rim
203 1008 441 1112 spectarent,
476 1034 605 1085 vetum
629 1014 759 1102 etiem,
788 1034 876 1085 cum
894 1010 1003 1087 tolde
1018 1013 1145 1087 turba·

10 1154 12 1197 s
101 1166 167 1221 tan
188 1167 228 1222 et
258 1143 463 1223 confusam
489 1145 590 1219 hanc
611 1148 756 1221 critices
778 1164 924 1246 partem
944 1144 1019 1223 effe
1038 1148 1143 1225 vide·

101 1309 184 1373 rent,
217 1282 340 1357 altius
362 1308 446 1357 rem
470 1279 619 1355 exorsus
642 1278 736 1374 sum,
766 1299 807 1360 rt.
824 1286 979 1359 omnino
1004 1283 1054 1361 de
1074 1310 1140 1362 co·

10 1506 11 1533 ἢ
100 1418 234 1495 dinibus
256 1439 505 1522 quaererem,
541 1412 703 1519 quorum
722 1416 878 1517 quidem
903 1442 1068 1521 vnqonm
1090 1420 1139 1499 ab

10 1556 11 1561 ’
103 1554 299 1630 editoribus
320 1553 469 1655 Virgilii
490 1557 722 1629 mentionem
745 1571 785 1627 et
808 1533 980 1629 no'titiom
1001 1548 1139 1636 iactam

103 1690 266 1765 viduam.
320 1693 368 1761 In
392 1710 507 1791 quarn
532 1678 891 1766 commentationem
910 1716 998 1765 cum
1024 1690 1137 1771 semel

103 1810 320 1916 ircidissern,
361 1848 411 1901 eo
433 1823 640 1901 deductum
661 1848 724 1899 me
743 1790 838 1916 vidi,
873 1844 911 1899 rt
925 1828 967 1899 in
982 1850 1044 1901 em
1059 1828 1137 1905 edi·

101 1966 211 2033 tiones
230 1962 486 2059 inquirerem,
523 1986 621 2061 quae
640 1986 687 2035 ex
708 1958 903 2035 codicibus
919 1958 1058 2065 scriptio
1075 1992 1138 2043 εχ.

8 2156 9 2167 ,
100 2096 196 2173 crue
215 2114 286 2171 cut
307 2094 534 2171 emendatae
559 2092 632 2169 effe
657 2095 903 2170 traderentur.
959 2101 1137 2181 Processit

99 2240 146 2308 ita
163 2260 243 2309 non
261 2230 580 2305 animaduertenti
596 2226 756 2303 studium
778 2228 962 2343 adipsum
981 2257 1137 2314 contex-

8 2412 9 2417 =
99 2390 152 2445 tus
173 2388 318 2471 poetae
349 2391 463 2469 quam
489 2364 625 2440 dixeris
646 2360 851 2471 instoriam,
889 2372 931 2441 in
951 2395 1028 2470 quc
1048 2400 1138 2451 cum

98 2510 220 2579 onmia
249 2502 335 2577 fere
365 2500 530 2577 tenebn'e
559 2499 724 2575 obducto
752 2519 791 2575 et
819 2499 1013 2579 obscurata
1035 2510 1136 2587 vide·

97 2668 188 2733 rm,
228 2662 421 2739 cumque,
463 2660 562 2739 quae
589 2640 702 2710 enimi
731 2634 885 2711 humani
915 2660 1049 2718 namra
1073 2646 1135 2741 est,

98 2776 246 2878 indigne
260 2772 412 2865 ferrem,
433 2776 581 2875 quotiet
595 2770 644 2847 de
658 2777 813 2873 antiqua
829 2771 954 2874 aliqua
969 2779 1137 2861 editione
1275 2844 1280 2857 ,

100 2932 286 3014 ageretur,
319 2909 552 2985 haerendum
567 2926 606 2985 et
629 2906 881 2981 dubitandum
899 2906 988 3003 effe,
1022 2940 1136 3015 quor.

100 3046 169 3123 inm
187 3046 256 3122 illa
278 3042 496 3137 referende,
524 3070 621 3147 quae
644 3049 724 3119 eius
743 3048 947 3119 auctoritas
962 3046 1136 3127 habenda

97 3182 199 3275 edet,
226 3206 347 3283 opere
367 3180 520 3257 nudem
538 3180 611 3257 hac
627 3178 739 3255 semel
759 3178 1042 3281 defungendum
1063 3186 1135 3264 ess‘e

97 3320 293 3393 arbitrante
311 3312 408 3407 sum,
434 3335 472 3389 rt
492 3321 531 3390 in
548 3317 757 3393 editionum
773 3314 924 3391 ordines
940 3339 979 3393 et
994 3320 1133 3420 clades,

98 3453 220 3555 stirpat
242 3479 290 3527 ac
310 3449 485 3544 familiae,
521 3452 649 3555 paullo
670 3458 879 3529 accuratius
892 3432 1132 3555 inquirerem

98 3594 235 3687 Qnain
256 3614 300 3664 re
318 3606 358 3661 rt
373 3588 537 3690 quedam
554 3608 665 3663 tenue
678 3586 806 3663 saltem
825 3590 1033 3689 procedere
1046 3594 1136 3674 lice·

95 3746 168 3817 tet,
200 3725 414 3802 editionum
430 3744 518 3803 ante
539 3728 664 3799 omnia
686 3722 839 3799 annales
859 3722 1013 3825 quidem
1028 3753 1135 3809 erant

97 3860 333 3938 conficiendi.
383 3864 439 3935 Ea
459 3866 586 3937 omnia
603 3859 791 3952 subiunxi,
813 3886 893 3935 non
914 3864 1019 3963 quod
1031 3835 1132 3947 iniis

97 4022 159 4089 oo,
189 4022 270 4099 qno
294 3998 592 4091 contendebam,
618 3992 826 4102 perueniffe
848 3996 940 4073 mihi
962 4000 1140 4081 videbare⁴

99 4158 173 4206 uon
201 4138 304 4207 enim
331 4132 428 4210 haec
460 4134 509 4209 ab
536 4158 611 4209 vno
632 4132 788 4207 homine
815 4132 945 4233 perfici
963 4134 1131 4237 poffunt3

99 4288 135 4341 et
157 4269 279 4343 multa
309 4286 439 4365 erunt,
485 4294 583 4373 quae
610 4268 659 4341 cd
687 4267 848 4343 alterum
872 4294 918 4345 ac
938 4269 1144 4373 sequentes·
