2942 5067
281 370 594 451 SECVNDAE
624 370 931 449 EDITIONIS
1084 402 1144 451 'tt

112 576 293 658 redditam
336 573 411 657 cll'e
440 594 573 653 exacte
599 576 840 653 Heinlianam
879 578 1083 657 lectionem
1117 604 1140 653 a

110 720 342 807 Burmann03
386 737 462 789 nec
501 730 629 787 tamen
668 689 779 815 culpa
818 718 887 789 viri
922 712 1029 789 docti
1060 712 1141 804 ulia,

109 874 218 951 qnam
252 846 361 950 quod
401 846 617 947 exemplum
653 873 734 924 non
781 846 864 921 letis
901 845 1145 922 emendatum

19 999 20 1007 ’
108 988 226 1085 operis
270 980 429 1057 librariis
477 981 744 1059 excudendum
782 982 998 1057 tradiderat.
1071 984 1144 1057 Ex·

104 1138 228 1221 perun
273 1114 353 1219 ipse
387 1115 519 1212 didici,
570 1142 683 1219 quam
713 1142 847 1219 parum
882 1114 964 1191 tuta
1001 1142 1061 1192 res
1088 1114 1142 1211 fit,

16 1278 18 1318 1
105 1253 307 1331 emendare
352 1252 611 1353 apographum
655 1280 775 1356 praue
816 1270 1025 1344 exaratum,
1078 1270 1144 1325 aut

15 1407 16 1457 l
103 1387 386 1471 emendandum
423 1386 638 1489 relinquere
678 1394 748 1483 iis,
800 1394 868 1492 qui
902 1384 1071 1462 madidas
1120 1413 1145 1464 e

104 1526 203 1627 prelo
229 1524 382 1602 chartm
411 1528 600 1623 corrigere
624 1544 816 1627 recepere.
890 1521 1144 1599 Redeundurn

105 1664 226 1763 itaque
256 1657 365 1733 haud
398 1656 515 1733 dubie
547 1654 598 1733 est
624 1659 673 1733 ad
696 1658 912 1735 Heinsranas
946 1658 1142 1737 editiones.

104 1800 309 1871 Enimuero
338 1796 452 1869 etiam
480 1792 553 1870 hae
580 1798 693 1870 inter·
714 1792 751 1870 se
782 1795 890 1869 valde
919 1794 1142 1895 discrepant,

103 1956 183 2007 cum
214 1936 261 2005 in
292 1928 496 2030 scriptione
529 1927 592 2026 seu
623 1928 906 2031 orthographia,
949 1949 1032 2004 tum
1067 1957 1146 2005 ma·

15 2158 16 2161 ¹
102 2070 196 2143 xime
222 2071 270 2141 in
300 2069 621 2166 interpunctione.
707 2065 909 2141 Constituit
932 2073 1061 2169 itaque
1087 2071 1145 2141 iu-

102 2201 235 2279 resno
277 2200 489 2277 Brunckius
527 2226 680 2278 exarare
723 2201 921 2301 Virgilium
966 2200 1146 2303 scriptura

105 2336 312 2429 constanti,
358 2340 604 2439 inprimisque
652 2335 703 2410 ad
749 2355 916 2413 veterem
960 2340 1146 2416 rationem

106 2492 311 2565 reuocata3
363 2498 440 2573 qua
484 2472 535 2547 de
581 2498 623 2547 re
671 2469 765 2574 quid
799 2472 891 2546 mihi
929 2472 1045 2575 longo
1087 2471 1175 2550 re-v

107 2632 182 2682 rum
224 2604 291 2681 vin
342 2606 481 2685 edocto
535 2626 772 2709 compertum
813 2603 882 2701 fit,
935 2604 1042 2709 lupra
1082 2635 1146 2687 ex-

108 2740 216 2844 posui,

200 2878 377 2975 Contigit
429 2874 521 2949 mihi
558 2879 755 2975 ceteroqui
798 2899 843 2982 ea
893 2872 1061 2967 fortuna,
1108 2899 1148 2953 vo

107 3014 280 3091 lectionis
334 3009 561 3111 Virgilianae
606 3008 758 3085 annales
805 3008 940 3085 melius
981 3010 1148 3088 condere

107 3147 267 3251 poliam,
300 3169 416 3247 quarn
439 3150 479 3219 in
503 3149 631 3247 priore
663 3142 843 3219 editione.
922 3146 1020 3218 Cum
1046 3152 1148 3221 enim

109 3310 238 3360 omnes
275 3280 429 3355 Aldinae
459 3280 508 3355 ad
539 3306 672 3353 manus
709 3278 917 3373 haberem,
957 3305 1147 3382 compara.

109 3424 213 3495 tione
243 3416 415 3517 diligenti
441 3414 540 3493 lacta
564 3416 751 3507 intellexi,
792 3420 957 3507 tertiam,
990 3402 1019 3489 'a
1045 3420 1147 3492 Nau·

109 3558 210 3655 gorio
265 3551 519 3646 emendatam,
569 3557 742 3628 omniurn
782 3548 864 3645 'elle
902 3550 1150 3629 emendatiffi·

109 3713 227 3783 mam,
268 3704 308 3763 et
339 3687 479 3763 Heinfii
514 3670 630 3791 opera
663 3687 887 3790 plerumque
921 3712 992 3760 nos
1025 3685 1148 3790 luper-

110 3822 237 3899 ledere
276 3820 453 3925 potuilie,
508 3822 535 3899 fi
573 3849 657 3899 eam
693 3821 900 3897 editionem
936 3826 1149 3925 exprimere

112 3958 294 4037 corallent
338 3958 500 4065 editores
530 3956 808 4061 insequentium
835 3969 1068 4058 temporum
1109 3978 1148 4033 at

114 4097 276 4171 maluere
295 4094 349 4170 illi
366 4094 417 4171 ad
441 4100 595 4199 antiqua
617 4092 741 4171 redire
762 4112 801 4168 et
818 4092 971 4168 Aldinae
989 4099 1147 4195 priores,

115 4230 418 4338 Honnmnsque
454 4254 502 4307 ex
532 4236 576 4309 iis
609 4230 759 4325 ductas,
800 4228 1040 4307 excudendas
1076 4248 1150 4301 tra-
