2942 5067
382 338 502 465 ann
713 341 1110 508 rreurrrro

382 605 536 693 pectere
555 580 684 659 velim:
721 586 842 685 primo
865 582 954 661 looo
974 582 1165 678 Seruium,
1197 584 1314 662 Probi
1332 585 1431 665 luci·

383 729 482 813 niae,
522 744 611 795 oum
632 715 856 819 exscriptore
874 717 972 823 lulio
987 718 1146 811 Sabino,
1170 704 1367 797 Donatum
1385 742 1431 799 et

384 856 671 957 Phflngynrm,
718 871 802 929 tum
821 850 1016 929 Heinsium
1036 873 1077 929 et
1094 850 1365 948 Burmannum,
1402 883 1431 931 a

382 991 521 1095 quibus
543 1006 671 1065 temen
689 988 740 1063 ad
758 992 1105 1091 interpretationem
1125 1016 1259 1091 putum
1278 990 1428 1067 fructus

383 1122 499 1217 feres,
540 1122 720 1216 Cerdam,
766 1122 925 1201 doctum
953 1144 994 1203 et
1014 1125 1259 1217 laboriosum,
1297 1131 1427 1201 minue

385 1262 485 1343 sorte
501 1256 751 1357 ingeniosum,
770 1254 1037 1361 interpretem,
1066 1280 1216 1361 praeter
1233 1261 1429 1339 Guellium

384 1418 426 1478 et
445 1394 636 1484 vrfinum,
672 1418 760 1468 oum
780 1393 964 1488 Martiae,
1009 1395 1199 1471 interdum
1220 1400 1428 1472 Cetroeurrr

385 1552 426 1613 et
442 1534 633 1619 Rueeum,
658 1526 837 1603 euoluere
858 1526 940 1626 sotir
959 1529 1093 1607 hebui:
1128 1532 1300 1632 equibus
1319 1556 1429 1607 com·

384 1670 574 1747 meritoriis
588 1662 749 1738 multum
766 1652 830 1737 me
839 1660 1036 1765 profecisse
1048 1690 1128 1741 non
1140 1661 1291 1763 infitior,
1315 1664 1428 1768 saepe

384 1804 579 1881 rameniis
599 1802 640 1873 in
658 1798 773 1890 locis,
803 1802 845 1871 in
866 1797 1005 1900 quibus
1020 1798 1097 1901 ipse
1120 1800 1331 1893 haererem,
1355 1806 1428 1875 vti-

383 1913 669 2038 litetispamm,
694 1931 810 2010 taedii
825 1957 913 2008 tem
933 1932 1154 2035 plurimum,
1193 1934 1346 2011 indeed
1358 1960 1428 2011 me

384 2072 508 2155 redire
528 2064 629 2143 lenfi.
680 2062 887 2143 Destitutus
908 2074 1010 2144 enim
1029 2066 1077 2144 ab
1096 2074 1160 2162 iis,
1188 2074 1337 2174 quoties
1356 2096 1426 2147 eo·

385 2232 470 2283 rum
491 2229 644 2306 operam
657 2201 941 2295 desiderabam,
975 2208 1016 2278 in
1031 2204 1128 2297 aliis,
1163 2230 1263 2308 quae
1276 2204 1427 2281 nullum

385 2342 531 2417 alienae
558 2342 640 2439 opis
662 2334 885 2413 desidorium
906 2338 1110 2432 iaciebant,
1155 2359 1233 2415 tem
1250 2337 1425 2441 eopiosoe

385 2502 432 2553 uo
457 2473 591 2551 doctos
618 2495 683 2547 eor
714 2466 788 2546 else
815 2471 1017 2565 videbam,⁴
1047 2492 1104 2566 vt,
1145 2461 1340 2578 quomodo
1362 2492 1428 2552 tot

387 2608 622 2709 elegantium
652 2624 691 2681 et
730 2624 926 2685 acutarum
961 2607 1263 2686 obseruationum
1295 2610 1427 2686 sructu

385 2740 639 2821 adolescentes
669 2766 744 2817 nee
762 2738 875 2842 plene
893 2747 1097 2843 ptinerem,
1135 2772 1210 2823 neo
1231 2770 1319 2823 curn
1343 2765 1427 2821 tee-

386 2879 452 2955 dio
473 2877 658 2969 satiarem,
691 2900 773 2956 non
790 2873 902 2953 facile
929 2882 1150 2955 inuenirem.
1186 2870 1357 2973 'Offendi
1370 2880 1427 2955 ari

384 3016 459 3091 elia
479 3038 596 3115 praue
617 3030 789 3112 accepta,
814 3012 913 3089 mele
928 3011 1109 3114 expofite,
1135 3035 1201 3089 aut
1217 3014 1426 3111 obscurata,

386 3174 486 3252 quae
507 3148 601 3229 mihi
622 3144 704 3221 setis
725 3145 824 3221 olam
844 3172 889 3223 eo
908 3146 1101 3249 perspicue
1119 3148 1191 3225 rifi
1212 3170 1335 3243 erent3
1367 3154 1427 3227 ite

385 3304 425 3361 vt
446 3282 636 3359 interdum
659 3278 855 3374 nescirem,
899 3286 942 3355 in
961 3308 1075 3384 quem
1092 3302 1239 3384 purtem
1257 3312 1321 3362 me
1339 3310 1428 3361 rer·

385 3437 525 3511 terem3
566 3412 846 3493 illustrationem
870 3409 972 3491 enim
989 3414 1086 3492 haec
1117 3442 1142 3491 e
1167 3426 1231 3495 me
1261 3418 1427 3523 postule-

385 3553 488 3645 baur,
513 3568 673 3631 unvero
696 3574 759 3642 ee,
782 3573 881 3650 quae
901 3553 1024 3628 miuus
1047 3550 1146 3632 hene
1169 3554 1281 3629 ellam
1302 3578 1425 3652 erent,

385 3684 596 3765 refellerem
611 3684 839 3763 dubitabam.
890 3683 950 3761 Ab
969 3684 1041 3763 huo
1057 3693 1157 3763 enim
1173 3689 1430 3771 illiberalitute

386 3829 569 3901 intectum
589 3838 720 3923 peetus
743 3819 886 3926 semper
903 3821 1051 3916 habui,·
1074 3842 1115 3901 rt
1129 3822 1342 3901 refellendis
1354 3848 1427 3905 eut

387 3955 580 4035 eleuandie
604 3956 764 4036 aliorum
793 3956 902 4035 dietis
927 3956 1120 4061 indignam
1149 3978 1189 4033 et
1215 3960 1426 4060 ignobilem

387 4091 545 4193 gloriam
560 4112 761 4198 captarem.
809 4092 935 4169 Multo
947 4098 1064 4193 magis
1078 4092 1256 4169 abhorrui
1265 4122 1291 4170 a
1301 4096 1422 4176 foedo

388 4226 456 4305 illo
477 4254 602 4325 more,
636 4228 890 4311 cauillationee
912 4226 1078 4310 scurriles
1097 4249 1137 4308 et
1151 4232 1423 4313 contumeliose
