2942 5067
247 436 249 447 .
359 414 472 464 mr.
658 380 1086 481 *rnrrrnrro

362 588 568 680 stituissem,
594 606 656 678 vt,·
677 589 1038 692 quotquot-quidem
1059 587 1241 665 lectiones
1259 596 1396 665 variar·

362 752 419 808 tes
440 725 578 802 'alicubi
603 742 774 823 repertae
792 720 925 814 essent,
972 728 1015 797 in
1040 724 1117 801 hoc
1140 724 1266 801 saltem
1285 742 1397 829 poeta

362 874 404 943 in
425 888 534 937 vnum
556 857 762 933 editionem
781 857 898 933 essent
920 858 1135 959 congestaer
1180 879 1219 935 vt
1237 862 1315 938 hoc
1328 885 1398 937 ‘ex-

364 1000 489 1101 emplo
510 991 700 1096 proposito
724 992 976 1069 adolescentes
998 992 1150 1070 studiosi
1170 1002 1326 1071 omnino
1338 1024 1399 1071 m-

363 1139 489 1212 riantis
510 1135 550 1203 in
573 1128 685 1203 codd.
706 1148 746 1203 et
769 1127 856 1204 edd.
879 1128 1054 1205 lectionis
1074 1155 1221 1205 morem
1243 1152 1285 1207 et
1300 1132 1399 1207 vsum

364 1254 614 1355 addiscerent,
642 1262 903 1363 sollennesque
917 1261 1035 1362 lapsus
1056 1284 1094 1337 et
1116 1264 1399 1343 allucinationes

363 1406 598 1483 librariorum
633 1396 699 1471 [ibi
736 1396 935 1471 familiares
971 1398 1185 1476 redderent·
1263 1406 1399 1476 Guraui

359 1562 492 1624 ,tamen
519 1532 625 1609 srmul
655 1534 749 1624 hoc,
794 1550 836 1639 vt
863 1532 939 1607 hoc
967 1530 1045 1634 ipso
1066 1536 1241 1637 exemplo
1264 1552 1400 1637 propo-

244 1654 247 1661 ¹
364 1674 432 1753 srto
451 1672 615 1745 'omuino
643 1667 692 1743 de
728 1686 812 1741 toto
841 1666 919 1743 hoc
949 1692 1089 1767 genere
1110 1642 1215 1745 recte
1244 1670 1400 1747 statuere

364 1805 619 1885 assuescerent.
671 1806 782 1890 Bene,
795 1806 897 1878 enim
921 1827 968 1876 ex
990 1807 1110 1903 prima
1134 1824 1258 1881 aetate
1276 1832 1398 1884 recor·

363 1944 453 2034 dor,
501 1964 615 2041 quam
643 1964 776 2037 parum
804 1936 996 2037 explicitus
1020 1956 1060 2013 et
1085 1937 1195 2013 iustas
1224 1948 1397 2017 notiones

364 2078 601 2155 delectione
623 2077 789 2147 variante
804 2070 1033 2148 imbiberim:
1073 2099 1163 2150 cum
1181 2098 1263 2149 non
1285 2075 1398 2149 modo

365 2211 584 2291 eruditionis
615 2206 778 2283 liberalis
807 2206 986 2283 summam
1013 2214 1055 2281 in
1085 2214 1232 2300 critica,
1272 2234 1399 2285 verum

366 2353 478 2425 etism
504 2347 650 2419 critices
671 2342 850 2417 summam
868 2348 910 2417 iu
931 2343 1104 2419 lectionis
1123 2350 1296 2418 variantis
1320 2343 1399 2416 dili-

364 2485 534 2583 gentiore
556 2476 675 2552 studio
700 2497 739 2551 et
758 2482 798 2549 in
815 2478 999 2555 elicienda
1014 2479 1139 2580 aliqua
1159 2477 1261 2553 felici
1277 2504 1399 2555 eruen-

365 2618 518 2691 datione
540 2612 599 2685 vel
621 2617 855 2704 coniectura,
891 2613 1282 2710 contineriaudirem.
1337 2616 1399 2687 At·

364 2759 428 2855 qui
451 2740 571 2821 maior
591 2748 701 2821 huius
723 2773 836 2823 curae
867 2773 952 2849 pars
981 2749 1032 2826 ad
1063 2747 1182 2823 solum
1217 2747 1397 2824 editorem

363 2886 521 2989 spectat,
558 2882 606 2955 ad
620 2882 825 2961 lectionem
849 2902 887 2957 et
906 2887 1255 2984 interpretationem
1267 2906 1397 2985 parum

245 3079 252 3105 ,
362 3041 428 3095 aut
451 3018 562 3108 nihil,
611 3044 684 3093 nec
714 3014 781 3090 rrisr
808 3022 850 3090 in
872 3017 966 3093 locis
992 3016 1134 3110 dubiis,
1175 3017 1337 3095 obscuris
1360 3034 1398 3091 et

362 3160 559 3255 corruptis.
612 3154 755 3225 Verum
779 3170 818 3226 ct
837 3128 914 3253 ipse
929 3152 1053 3228 editor·
1068 3180 1117 3229 ex
1131 3158 1237 3229 omni
1249 3155 1315 3229 illa
1329 3151 1397 3227 far·

360 3298 489 3393 regine
519 3312 707 3388 perpauca
742 3286 877 3361 tollere
908 3286 1046 3387 potest3
1089 3287 1266 3389 quorsum
1298 3292 1396 3365 enim

359 3450 429 3528 pro
451 3423 618 3497 lectione
640 3424 806 3495 variante
827 3419 1008 3496 sollennia
1031 3439 1069 3497 et
1097 3421 1308 3499 adsensum
1331 3422 1396 3497 ob·

358 3566 417 3637 ria
437 3560 525 3635 vitia
557 3556 810 3645 librariorum,
865 3582 1008 3632 errores
1032 3576 1075 3637 et
1094 3555 1260 3658 stupores
1281 3559 1395 3633 urani·

358 3694 457 3786 sesti,
495 3691 698 3767 sexcenties
721 3688 999 3765 obtruduntur?
1043 3695 1212 3791 inprimis
1239 3680 1394 3769 vbi'me.

356 3832 430 3906 lior
449 3836 523 3903 iam
544 3827 658 3901 lectio
689 3829 730 3898 iu
756 3824 1123 3907 boniseditionibus
1153 3827 1293 3929 rbique
1318 3822 1393 3901 vul·

353 3984 439 4069 gata
463 3960 525 4038 est.
591 3959 805 4037 Subtilitate
832 3964 976 4036 maiore
1003 3964 1045 4034 in
1069 3958 1306 4062 scriptoribus
1328 3984 1392 4062 pa·

353 4124 438 4172 rum
468 4096 661 4199 perpolitis
695 4115 761 4169 aut
791 4100 832 4169 in
865 4095 961 4171 locis
994 4104 1179 4199 corruptis
1210 4123 1305 4198 opus
1327 4089 1388 4168 est·
1433 4127 1434 4132 ¹

351 4232 412 4309 Est
427 4232 698 4355 ’aliararictan
744 4255 843 4333 quae
864 4255 945 4320 nec,
958 4236 1001 4307 in
1023 4231 1229 4311 sententiae
1249 4256 1324 4309 nec
1346 4232 1404 4300 iu·
