<?xml version="1.0" encoding="UTF-8"?>
<!DOCTYPE html PUBLIC "-//W3C//DTD XHTML 1.0 Transitional//EN"
    "http://www.w3.org/TR/xhtml1/DTD/xhtml1-transitional.dtd">
<html xmlns="http://www.w3.org/1999/xhtml" xml:lang="en" lang="en">
 <head>
  <title>
</title>
<meta http-equiv="Content-Type" content="text/html;charset=utf-8" />
  <meta name='ocr-system' content='tesseract 3.04.00' />
  <meta name='ocr-capabilities' content='ocr_page ocr_carea ocr_par ocr_line ocrx_word'/>
</head>
<body>
  <div class='ocr_page' id='page_1' title='image "./varietatelectio00heyngoog_0627.png"; bbox 0 0 2942 5067; ppageno 0'>
   <div class='ocr_carea' id='block_1_1' title="bbox 234 397 1163 502">
    <p class='ocr_par' dir='ltr' id='par_1_1' title="bbox 234 397 1163 502">
     <span class='ocr_line' id='line_1_1' title="bbox 234 397 1163 502; baseline 0.004 -22"><span class='ocrx_word' id='word_1_1' title='bbox 234 400 990 500; x_wconf 74' lang='lat' dir='ltr'>oaoao1ooau1a.111,25-29</span> <span class='ocrx_word' id='word_1_2' title='bbox 1088 397 1163 502; x_wconf 75' lang='lat'>547</span> 
     </span>
    </p>
   </div>
   <div class='ocr_carea' id='block_1_2' title="bbox 127 583 1167 826">
    <p class='ocr_par' dir='ltr' id='par_1_2' title="bbox 127 583 1167 826">
     <span class='ocr_line' id='line_1_2' title="bbox 128 583 1167 696; baseline -0.005 -25"><span class='ocrx_word' id='word_1_3' title='bbox 128 598 257 696; x_wconf 61' lang='lat' dir='ltr'>Atque</span> <span class='ocrx_word' id='word_1_4' title='bbox 277 593 341 670; x_wconf 88' lang='lat' dir='ltr'>hic</span> <span class='ocrx_word' id='word_1_5' title='bbox 361 590 564 667; x_wconf 73' lang='lat' dir='ltr'>undantem</span> <span class='ocrx_word' id='word_1_6' title='bbox 583 587 684 663; x_wconf 89' lang='lat' dir='ltr'>bello</span> <span class='ocrx_word' id='word_1_7' title='bbox 704 583 962 690; x_wconf 72' lang='lat' dir='ltr'>magnamquc</span> <span class='ocrx_word' id='word_1_8' title='bbox 985 587 1167 666; x_wconf 83' lang='lat' dir='ltr'>fluentem</span> 
     </span>
     <span class='ocr_line' id='line_1_3' title="bbox 127 722 1064 826; baseline -0.011 -20"><span class='ocrx_word' id='word_1_9' title='bbox 127 729 277 822; x_wconf 85' lang='lat' dir='ltr'>Nilum,</span> <span class='ocrx_word' id='word_1_10' title='bbox 325 753 371 803; x_wconf 86' lang='lat' dir='ltr'>ac</span> <span class='ocrx_word' id='word_1_11' title='bbox 391 723 517 800; x_wconf 83' lang='lat' dir='ltr'>nauali</span> <span class='ocrx_word' id='word_1_12' title='bbox 539 722 717 826; x_wconf 66' lang='lat' dir='ltr'>luagcnfia</span> <span class='ocrx_word' id='word_1_13' title='bbox 742 749 830 798; x_wconf 81' lang='lat' dir='ltr'>acre</span> <span class='ocrx_word' id='word_1_14' title='bbox 859 723 1064 800; x_wconf 76' lang='lat' dir='ltr'>columnas.</span> 
     </span>
    </p>
   </div>
   <div class='ocr_carea' id='block_1_3' title="bbox 133 937 1163 1104">
    <p class='ocr_par' dir='ltr' id='par_1_3' title="bbox 133 937 1163 1104">
     <span class='ocr_line' id='line_1_4' title="bbox 197 937 1163 1017; baseline -0.004 -17"><span class='ocrx_word' id='word_1_15' title='bbox 197 947 233 1000; x_wconf 75' lang='lat'>28</span> <span class='ocrx_word' id='word_1_16' title='bbox 250 947 346 1017; x_wconf 72' lang='lat' dir='ltr'><strong><em>Atque</em></strong></span> <span class='ocrx_word' id='word_1_17' title='bbox 366 942 434 997; x_wconf 76' lang='lat' dir='ltr'>iiiuc</span> <span class='ocrx_word' id='word_1_18' title='bbox 456 940 539 996; x_wconf 84' lang='lat' dir='ltr'>Goth.</span> <span class='ocrx_word' id='word_1_19' title='bbox 554 937 603 993; x_wconf 83' lang='lat' dir='ltr'>sac.</span> <span class='ocrx_word' id='word_1_20' title='bbox 618 955 645 994; x_wconf 79' lang='lat' dir='ltr'>at</span> <span class='ocrx_word' id='word_1_21' title='bbox 657 938 783 993; x_wconf 77' lang='lat' dir='ltr'>Brunckii</span> <span class='ocrx_word' id='word_1_22' title='bbox 796 937 879 1004; x_wconf 73' lang='lat' dir='ltr'>lilim,-</span> <span class='ocrx_word' id='word_1_23' title='bbox 902 939 976 1012; x_wconf 84' lang='lat' dir='ltr'>quod</span> <span class='ocrx_word' id='word_1_24' title='bbox 993 939 1038 995; x_wconf 74' lang='lat' dir='ltr'>illa</span> <span class='ocrx_word' id='word_1_25' title='bbox 1050 942 1163 1016; x_wconf 68' lang='lat' dir='ltr'>accepim</span> 
     </span>
     <span class='ocr_line' id='line_1_5' title="bbox 133 1025 575 1104; baseline -0.023 -16"><span class='ocrx_word' id='word_1_26' title='bbox 133 1032 184 1088; x_wconf 75' lang='lat' dir='ltr'>erit</span> <span class='ocrx_word' id='word_1_27' title='bbox 203 1050 265 1104; x_wconf 71' lang='lat' dir='ltr'>crgo</span> <span class='ocrx_word' id='word_1_28' title='bbox 284 1049 349 1103; x_wconf 84' lang='lat' dir='ltr'>pro,</span> <span class='ocrx_word' id='word_1_29' title='bbox 377 1028 454 1093; x_wconf 77' lang='lat' dir='ltr'>inda,</span> <span class='ocrx_word' id='word_1_30' title='bbox 475 1025 575 1100; x_wconf 77' lang='lat' dir='ltr'>postca.</span> 
     </span>
    </p>
   </div>
   <div class='ocr_carea' id='block_1_4' title="bbox 127 1213 1191 3557">
    <p class='ocr_par' dir='ltr' id='par_1_4' title="bbox 127 1213 1191 3557">
     <span class='ocr_line' id='line_1_6' title="bbox 132 1213 1167 1302; baseline 0 -22"><span class='ocrx_word' id='word_1_31' title='bbox 132 1219 173 1280; x_wconf 88' lang='lat' dir='ltr'>ad</span> <span class='ocrx_word' id='word_1_32' title='bbox 190 1220 308 1302; x_wconf 78' lang='lat' dir='ltr'><strong>Gangis</strong></span> <span class='ocrx_word' id='word_1_33' title='bbox 324 1217 400 1282; x_wconf 80' lang='lat' dir='ltr'>oilla</span> <span class='ocrx_word' id='word_1_34' title='bbox 422 1217 461 1278; x_wconf 89' lang='lat' dir='ltr'>ab</span> <span class='ocrx_word' id='word_1_35' title='bbox 484 1213 629 1278; x_wconf 84' lang='lat' dir='ltr'>occiden-</span> <span class='ocrx_word' id='word_1_36' title='bbox 668 1215 735 1284; x_wconf 84' lang='lat' dir='ltr'>nis,</span> <span class='ocrx_word' id='word_1_37' title='bbox 777 1228 909 1294; x_wconf 85' lang='lat' dir='ltr'>apoeta</span> <span class='ocrx_word' id='word_1_38' title='bbox 935 1213 1005 1280; x_wconf 86' lang='lat' dir='ltr'>dici.</span> <span class='ocrx_word' id='word_1_39' title='bbox 1068 1237 1167 1281; x_wconf 80' lang='lat' dir='ltr'>arma</span> 
     </span>
     <span class='ocr_line' id='line_1_7' title="bbox 132 1315 1166 1404; baseline 0.002 -21"><span class='ocrx_word' id='word_1_40' title='bbox 132 1324 187 1383; x_wconf 86' lang='lat' dir='ltr'>tall</span> <span class='ocrx_word' id='word_1_41' title='bbox 208 1326 314 1404; x_wconf 84' lang='lat' dir='ltr'>parte)</span> <span class='ocrx_word' id='word_1_42' title='bbox 344 1333 512 1394; x_wconf 81' lang='lat' dir='ltr'>memorat,</span> <span class='ocrx_word' id='word_1_43' title='bbox 555 1319 628 1400; x_wconf 84' lang='lat' dir='ltr'>quia</span> <span class='ocrx_word' id='word_1_44' title='bbox 672 1315 806 1398; x_wconf 79' lang='lat' dir='ltr'><strong><em>Quirini</em></strong></span> <span class='ocrx_word' id='word_1_45' title='bbox 838 1321 962 1397; x_wconf 84' lang='lat' dir='ltr'>poetica</span> <span class='ocrx_word' id='word_1_46' title='bbox 1004 1322 1166 1384; x_wconf 83' lang='lat' dir='ltr'>consuetu·</span> 
     </span>
     <span class='ocr_line' id='line_1_8' title="bbox 133 1417 1191 1502; baseline -0.005 -16"><span class='ocrx_word' id='word_1_47' title='bbox 133 1428 307 1487; x_wconf 82' lang='lat' dir='ltr'>communia</span> <span class='ocrx_word' id='word_1_48' title='bbox 325 1423 377 1483; x_wconf 86' lang='lat' dir='ltr'>illa</span> <span class='ocrx_word' id='word_1_49' title='bbox 394 1422 522 1482; x_wconf 87' lang='lat' dir='ltr'>laudum</span> <span class='ocrx_word' id='word_1_50' title='bbox 542 1420 627 1479; x_wconf 82' lang='lat' dir='ltr'>locus</span> <span class='ocrx_word' id='word_1_51' title='bbox 670 1417 743 1478; x_wconf 87' lang='lat' dir='ltr'>dine</span> <span class='ocrx_word' id='word_1_52' title='bbox 765 1438 824 1499; x_wconf 89' lang='lat' dir='ltr'>pro</span> <span class='ocrx_word' id='word_1_53' title='bbox 847 1421 980 1502; x_wconf 86' lang='lat' dir='ltr'>Quirino</span> <span class='ocrx_word' id='word_1_54' title='bbox 1008 1427 1042 1482; x_wconf 88' lang='lat' dir='ltr'>in</span> <span class='ocrx_word' id='word_1_55' title='bbox 1062 1431 1164 1502; x_wconf 70' lang='lat' dir='ltr'>armis,</span> <span class='ocrx_word' id='word_1_56' title='bbox 1188 1487 1191 1496; x_wconf 32' lang='lat'>¹</span> 
     </span>
     <span class='ocr_line' id='line_1_9' title="bbox 129 1519 1166 1612; baseline 0.002 -26"><span class='ocrx_word' id='word_1_57' title='bbox 129 1532 167 1586; x_wconf 83' lang='lat' dir='ltr'>in</span> <span class='ocrx_word' id='word_1_58' title='bbox 188 1522 342 1607; x_wconf 78' lang='lat' dir='ltr'>Augusto,</span> <span class='ocrx_word' id='word_1_59' title='bbox 386 1539 420 1584; x_wconf 85' lang='lat' dir='ltr'>vt</span> <span class='ocrx_word' id='word_1_60' title='bbox 439 1523 533 1584; x_wconf 86' lang='lat' dir='ltr'>Indoa</span> <span class='ocrx_word' id='word_1_61' title='bbox 557 1542 628 1581; x_wconf 90' lang='lat' dir='ltr'>cum</span> <span class='ocrx_word' id='word_1_62' title='bbox 668 1533 798 1580; x_wconf 84' lang='lat' dir='ltr'>armato.</span> <span class='ocrx_word' id='word_1_63' title='bbox 867 1519 931 1584; x_wconf 84' lang='lat' dir='ltr'>Nifi</span> <span class='ocrx_word' id='word_1_64' title='bbox 968 1546 1066 1586; x_wconf 81' lang='lat' dir='ltr'>arma</span> <span class='ocrx_word' id='word_1_65' title='bbox 1106 1551 1166 1612; x_wconf 85' lang='lat' dir='ltr'>pro</span> 
     </span>
     <span class='ocr_line' id='line_1_10' title="bbox 130 1620 1165 1709; baseline 0.004 -20"><span class='ocrx_word' id='word_1_66' title='bbox 130 1627 252 1689; x_wconf 81' lang='lat' dir='ltr'>Parthis</span> <span class='ocrx_word' id='word_1_67' title='bbox 267 1630 363 1687; x_wconf 74' lang='lat' dir='ltr'>victos</span> <span class='ocrx_word' id='word_1_68' title='bbox 382 1630 411 1685; x_wconf 84' lang='lat' dir='ltr'>ei</span> <span class='ocrx_word' id='word_1_69' title='bbox 431 1641 483 1685; x_wconf 84' lang='lat' dir='ltr'>aut</span> <span class='ocrx_word' id='word_1_70' title='bbox 499 1627 629 1705; x_wconf 87' lang='lat' dir='ltr'>promit·</span> <span class='ocrx_word' id='word_1_71' title='bbox 668 1620 771 1695; x_wconf 86' lang='lat' dir='ltr'>bello,</span> <span class='ocrx_word' id='word_1_72' title='bbox 814 1644 921 1708; x_wconf 85' lang='lat' dir='ltr'>pugna</span> <span class='ocrx_word' id='word_1_73' title='bbox 948 1644 1000 1688; x_wconf 82' lang='lat' dir='ltr'>aut</span> <span class='ocrx_word' id='word_1_74' title='bbox 1028 1634 1165 1709; x_wconf 87' lang='lat' dir='ltr'>victoria,</span> 
     </span>
     <span class='ocr_line' id='line_1_11' title="bbox 132 1719 1166 1818; baseline -0.005 -28"><span class='ocrx_word' id='word_1_75' title='bbox 132 1745 237 1790; x_wconf 81' lang='lat' dir='ltr'>terent</span> <span class='ocrx_word' id='word_1_76' title='bbox 258 1744 311 1789; x_wconf 86' lang='lat' dir='ltr'>aut</span> <span class='ocrx_word' id='word_1_77' title='bbox 333 1728 452 1789; x_wconf 82' lang='lat' dir='ltr'>darent.</span> <span class='ocrx_word' id='word_1_78' title='bbox 490 1719 627 1807; x_wconf 56' lang='lat' dir='ltr'>csusiipr.</span> <span class='ocrx_word' id='word_1_79' title='bbox 669 1724 751 1784; x_wconf 85' lang='lat' dir='ltr'>dicta</span> <span class='ocrx_word' id='word_1_80' title='bbox 773 1729 902 1806; x_wconf 78' lang='lat' dir='ltr'>accipias</span> <span class='ocrx_word' id='word_1_81' title='bbox 907 1771 918 1801; x_wconf 89' lang='lat'><em>,</em></span> <span class='ocrx_word' id='word_1_82' title='bbox 957 1734 1044 1814; x_wconf 87' lang='lat' dir='ltr'>quod</span> <span class='ocrx_word' id='word_1_83' title='bbox 1066 1751 1098 1796; x_wconf 84' lang='lat' dir='ltr'>ct</span> <span class='ocrx_word' id='word_1_84' title='bbox 1118 1739 1166 1818; x_wconf 84' lang='lat' dir='ltr'>ip.</span> 
     </span>
     <span class='ocr_line' id='line_1_12' title="bbox 133 1825 961 1914; baseline -0.004 -21"><span class='ocrx_word' id='word_1_85' title='bbox 133 1831 510 1914; x_wconf 78' lang='lat' dir='ltr'>Georg.11,171.17a.</span> <span class='ocrx_word' id='word_1_86' title='bbox 548 1830 627 1888; x_wconf 80' lang='lat' dir='ltr'>Aen.</span> <span class='ocrx_word' id='word_1_87' title='bbox 669 1825 735 1886; x_wconf 85' lang='lat' dir='ltr'>sum</span> <span class='ocrx_word' id='word_1_88' title='bbox 750 1826 961 1890; x_wconf 77' lang='lat' dir='ltr'>benefieret..</span> 
     </span>
     <span class='ocr_line' id='line_1_13' title="bbox 131 1930 1165 2016; baseline 0.009 -26"><span class='ocrx_word' id='word_1_89' title='bbox 131 1933 166 2007; x_wconf 89' lang='lat' dir='ltr'>I,</span> <span class='ocrx_word' id='word_1_90' title='bbox 198 1935 268 2013; x_wconf 78' lang='lat'><strong>289.</strong></span> <span class='ocrx_word' id='word_1_91' title='bbox 327 1930 456 1992; x_wconf 73' lang='lat' dir='ltr'>(Iurabit</span> <span class='ocrx_word' id='word_1_92' title='bbox 480 1937 586 2013; x_wconf 83' lang='lat' dir='ltr'>itaque</span> <span class='ocrx_word' id='word_1_93' title='bbox 611 1950 630 1989; x_wconf 81' lang='lat' dir='ltr'>a</span> <span class='ocrx_word' id='word_1_94' title='bbox 714 1931 765 1992; x_wconf 82' lang='lat'>28.</span> <span class='ocrx_word' id='word_1_95' title='bbox 789 1951 838 2011; x_wconf 81' lang='lat'>29.</span> <span class='ocrx_word' id='word_1_96' title='bbox 864 1934 1056 2016; x_wconf 84' lang='lat' dir='ltr'>Aegyptum,</span> <span class='ocrx_word' id='word_1_97' title='bbox 1078 1940 1165 2000; x_wconf 85' lang='lat' dir='ltr'>victia</span> 
     </span>
     <span class='ocr_line' id='line_1_14' title="bbox 131 2031 1165 2123; baseline 0.002 -26"><span class='ocrx_word' id='word_1_98' title='bbox 131 2035 287 2117; x_wconf 75' lang='lat' dir='ltr'>scalptore</span> <span class='ocrx_word' id='word_1_99' title='bbox 315 2031 424 2118; x_wconf 80' lang='lat' dir='ltr'>effingi</span> <span class='ocrx_word' id='word_1_100' title='bbox 445 2034 541 2094; x_wconf 73' lang='lat' dir='ltr'>ludos</span> <span class='ocrx_word' id='word_1_101' title='bbox 568 2034 631 2092; x_wconf 85' lang='lat' dir='ltr'>vic-</span> <span class='ocrx_word' id='word_1_102' title='bbox 669 2032 809 2093; x_wconf 81' lang='lat' dir='ltr'>Autonio</span> <span class='ocrx_word' id='word_1_103' title='bbox 831 2050 863 2094; x_wconf 87' lang='lat' dir='ltr'>et</span> <span class='ocrx_word' id='word_1_104' title='bbox 877 2035 1040 2116; x_wconf 77' lang='lat' dir='ltr'>Cleopatra</span> <span class='ocrx_word' id='word_1_105' title='bbox 1058 2059 1165 2123; x_wconf 84' lang='lat' dir='ltr'>pugna</span> 
     </span>
     <span class='ocr_line' id='line_1_15' title="bbox 131 2135 1165 2221; baseline 0.006 -23"><span class='ocrx_word' id='word_1_106' title='bbox 131 2153 201 2210; x_wconf 82' lang='lat' dir='ltr'>toa,</span> <span class='ocrx_word' id='word_1_107' title='bbox 252 2139 429 2221; x_wconf 76' lang='lat' dir='ltr'>Aegyptum</span> <span class='ocrx_word' id='word_1_108' title='bbox 448 2135 628 2209; x_wconf 83' lang='lat' dir='ltr'>subactam,</span> <span class='ocrx_word' id='word_1_109' title='bbox 669 2136 794 2195; x_wconf 79' lang='lat' dir='ltr'>Actiaca</span> <span class='ocrx_word' id='word_1_110' title='bbox 809 2138 920 2210; x_wconf 84' lang='lat' dir='ltr'>nauali,</span> <span class='ocrx_word' id='word_1_111' title='bbox 936 2139 1165 2220; x_wconf 80' lang='lat' dir='ltr'>inpotestatem</span> 
     </span>
     <span class='ocr_line' id='line_1_16' title="bbox 127 2235 1166 2324; baseline 0.001 -22"><span class='ocrx_word' id='word_1_112' title='bbox 127 2237 202 2324; x_wconf 83' lang='lat' dir='ltr'>post</span> <span class='ocrx_word' id='word_1_113' title='bbox 238 2243 397 2300; x_wconf 78' lang='lat' dir='ltr'>Actiacam</span> <span class='ocrx_word' id='word_1_114' title='bbox 449 2244 627 2313; x_wconf 81' lang='lat' dir='ltr'>victoriam,</span> <span class='ocrx_word' id='word_1_115' title='bbox 670 2237 710 2297; x_wconf 85' lang='lat' dir='ltr'>ab</span> <span class='ocrx_word' id='word_1_116' title='bbox 722 2235 858 2321; x_wconf 78' lang='lat' dir='ltr'>Augusto</span> <span class='ocrx_word' id='word_1_117' title='bbox 875 2240 1032 2302; x_wconf 79' lang='lat' dir='ltr'>redactam</span> <span class='ocrx_word' id='word_1_118' title='bbox 1046 2265 1166 2310; x_wconf 82' lang='lat' dir='ltr'>memo-</span> 
     </span>
     <span class='ocr_line' id='line_1_17' title="bbox 130 2339 1166 2417; baseline 0.006 -15"><span class='ocrx_word' id='word_1_119' title='bbox 130 2359 201 2402; x_wconf 79' lang='lat' dir='ltr'>aum</span> <span class='ocrx_word' id='word_1_120' title='bbox 228 2340 347 2417; x_wconf 72' lang='lat' dir='ltr'>Aliam,</span> <span class='ocrx_word' id='word_1_121' title='bbox 389 2344 568 2404; x_wconf 77' lang='lat' dir='ltr'>Armeniam</span> <span class='ocrx_word' id='word_1_122' title='bbox 597 2355 629 2402; x_wconf 83' lang='lat' dir='ltr'>et</span> <span class='ocrx_word' id='word_1_123' title='bbox 669 2355 726 2402; x_wconf 84' lang='lat' dir='ltr'>rat.</span> <span class='ocrx_word' id='word_1_124' title='bbox 789 2339 972 2403; x_wconf 76' lang='lat' dir='ltr'>undantem</span> <span class='ocrx_word' id='word_1_125' title='bbox 1005 2345 1090 2408; x_wconf 78' lang='lat' dir='ltr'>bello</span> <span class='ocrx_word' id='word_1_126' title='bbox 1133 2363 1166 2410; x_wconf 88' lang='lat' dir='ltr'>et</span> 
     </span>
     <span class='ocr_line' id='line_1_18' title="bbox 129 2443 1166 2530; baseline 0.002 -24"><span class='ocrx_word' id='word_1_127' title='bbox 129 2443 287 2506; x_wconf 80' lang='lat' dir='ltr'>Parthiam</span> <span class='ocrx_word' id='word_1_128' title='bbox 304 2445 344 2506; x_wconf 87' lang='lat' dir='ltr'>ad</span> <span class='ocrx_word' id='word_1_129' title='bbox 359 2446 540 2530; x_wconf 60' lang='lat' dir='ltr'>obsequium</span> <span class='ocrx_word' id='word_1_130' title='bbox 558 2444 629 2505; x_wconf 83' lang='lat' dir='ltr'>red·</span> <span class='ocrx_word' id='word_1_131' title='bbox 670 2463 845 2522; x_wconf 76' lang='lat' dir='ltr'>magnum,</span> <span class='ocrx_word' id='word_1_132' title='bbox 878 2447 1018 2528; x_wconf 85' lang='lat' dir='ltr'>copiose,</span> <span class='ocrx_word' id='word_1_133' title='bbox 1051 2448 1166 2528; x_wconf 81' lang='lat' dir='ltr'><strong><em>fluen-</em></strong></span> 
     </span>
     <span class='ocr_line' id='line_1_19' title="bbox 134 2546 1165 2630; baseline 0.003 -22"><span class='ocrx_word' id='word_1_134' title='bbox 134 2563 248 2608; x_wconf 81' lang='lat' dir='ltr'>actam.</span> <span class='ocrx_word' id='word_1_135' title='bbox 281 2549 436 2610; x_wconf 84' lang='lat' dir='ltr'>Memorat</span> <span class='ocrx_word' id='word_1_136' title='bbox 450 2564 553 2609; x_wconf 80' lang='lat' dir='ltr'>aulem</span> <span class='ocrx_word' id='word_1_137' title='bbox 569 2569 628 2621; x_wconf 81' lang='lat' dir='ltr'>rea,</span> <span class='ocrx_word' id='word_1_138' title='bbox 671 2560 738 2605; x_wconf 81' lang='lat' dir='ltr'>tam</span> <span class='ocrx_word' id='word_1_139' title='bbox 774 2546 866 2624; x_wconf 89' lang='lat' dir='ltr'>(nam</span> <span class='ocrx_word' id='word_1_140' title='bbox 892 2548 977 2628; x_wconf 82' lang='lat' dir='ltr'>stuic</span> <span class='ocrx_word' id='word_1_141' title='bbox 1008 2571 1165 2630; x_wconf 82' lang='lat' dir='ltr'>magnus,</span> 
     </span>
     <span class='ocr_line' id='line_1_20' title="bbox 130 2647 1165 2737; baseline 0.001 -27"><span class='ocrx_word' id='word_1_142' title='bbox 130 2672 193 2735; x_wconf 80' lang='lat' dir='ltr'>pet</span> <span class='ocrx_word' id='word_1_143' title='bbox 221 2673 297 2735; x_wconf 82' lang='lat' dir='ltr'>quaa</span> <span class='ocrx_word' id='word_1_144' title='bbox 313 2671 374 2711; x_wconf 81' lang='lat' dir='ltr'>ara</span> <span class='ocrx_word' id='word_1_145' title='bbox 402 2650 568 2736; x_wconf 81' lang='lat' dir='ltr'>symbolice</span> <span class='ocrx_word' id='word_1_146' title='bbox 592 2669 630 2710; x_wconf 83' lang='lat' dir='ltr'>ea</span> <span class='ocrx_word' id='word_1_147' title='bbox 671 2648 804 2715; x_wconf 78' lang='lat' dir='ltr'>multus,</span> <span class='ocrx_word' id='word_1_148' title='bbox 823 2648 936 2710; x_wconf 83' lang='lat' dir='ltr'><strong><em>fluuius</em></strong></span> <span class='ocrx_word' id='word_1_149' title='bbox 942 2693 952 2724; x_wconf 86' lang='lat'><em>,</em></span> <span class='ocrx_word' id='word_1_150' title='bbox 974 2647 1070 2724; x_wconf 68' lang='lat' dir='ltr'>relic</span> <span class='ocrx_word' id='word_1_151' title='bbox 1089 2655 1165 2737; x_wconf 66' lang='grc' dir='ltr'><strong><em>ῥέεις</em></strong></span> 
     </span>
     <span class='ocr_line' id='line_1_21' title="bbox 133 2749 1175 2838; baseline 0.004 -24"><span class='ocrx_word' id='word_1_152' title='bbox 133 2753 269 2815; x_wconf 75' lang='lat' dir='ltr'>reddero</span> <span class='ocrx_word' id='word_1_153' title='bbox 288 2749 395 2835; x_wconf 86' lang='lat' dir='ltr'>poffit:</span> <span class='ocrx_word' id='word_1_154' title='bbox 437 2773 575 2838; x_wconf 81' lang='lat' dir='ltr'>pugnam</span> <span class='ocrx_word' id='word_1_155' title='bbox 598 2767 631 2813; x_wconf 82' lang='lat' dir='ltr'>ct</span> <span class='ocrx_word' id='word_1_156' title='bbox 672 2749 1175 2826; x_wconf 74' lang='lat' dir='ltr'>ci.Ben11.adH0ru.18em.&#39;</span> 
     </span>
     <span class='ocr_line' id='line_1_22' title="bbox 133 2853 1168 2942; baseline 0.005 -26"><span class='ocrx_word' id='word_1_157' title='bbox 133 2861 287 2917; x_wconf 77' lang='lat' dir='ltr'>victorem</span> <span class='ocrx_word' id='word_1_158' title='bbox 304 2853 491 2940; x_wconf 80' lang='lat' dir='ltr'>Augustum,</span> <span class='ocrx_word' id='word_1_159' title='bbox 523 2856 631 2916; x_wconf 87' lang='lat' dir='ltr'>Nilum</span> <span class='ocrx_word' id='word_1_160' title='bbox 673 2873 703 2934; x_wconf 88' lang='lat'>7,</span> <span class='ocrx_word' id='word_1_161' title='bbox 720 2855 784 2934; x_wconf 82' lang='lat'><em>28),</em></span> <span class='ocrx_word' id='word_1_162' title='bbox 806 2855 912 2914; x_wconf 88' lang='lat' dir='ltr'>Nilum</span> <span class='ocrx_word' id='word_1_163' title='bbox 927 2877 1042 2940; x_wconf 81' lang='lat' dir='ltr'>magno</span> <span class='ocrx_word' id='word_1_164' title='bbox 1061 2860 1168 2942; x_wconf 84' lang='lat' dir='ltr'>spiritu</span> 
     </span>
     <span class='ocr_line' id='line_1_23' title="bbox 136 2958 1169 3044; baseline 0 -23"><span class='ocrx_word' id='word_1_165' title='bbox 136 2975 173 3021; x_wconf 85' lang='lat' dir='ltr'>ct</span> <span class='ocrx_word' id='word_1_166' title='bbox 199 2975 361 3040; x_wconf 79' lang='lat' dir='ltr'>tropaeum</span> <span class='ocrx_word' id='word_1_167' title='bbox 391 2961 554 3021; x_wconf 76' lang='lat' dir='ltr'>columnae</span> <span class='ocrx_word' id='word_1_168' title='bbox 581 2979 634 3020; x_wconf 85' lang='lat' dir='ltr'>ro·</span> <span class='ocrx_word' id='word_1_169' title='bbox 675 2976 799 3015; x_wconf 87' lang='lat' dir='ltr'>amnem</span> <span class='ocrx_word' id='word_1_170' title='bbox 837 2958 988 3039; x_wconf 83' lang='lat' dir='ltr'>appellat,</span> <span class='ocrx_word' id='word_1_171' title='bbox 1039 2979 1169 3044; x_wconf 79' lang='lat' dir='ltr'>propter</span> 
     </span>
     <span class='ocr_line' id='line_1_24' title="bbox 134 3060 1168 3144; baseline 0.005 -21"><span class='ocrx_word' id='word_1_172' title='bbox 134 3061 258 3124; x_wconf 73' lang='lat' dir='ltr'>stratae.</span> <span class='ocrx_word' id='word_1_173' title='bbox 299 3063 446 3143; x_wconf 75' lang='lat' dir='ltr'><strong>Quaeras,</strong></span> <span class='ocrx_word' id='word_1_174' title='bbox 472 3060 632 3144; x_wconf 84' lang='lat' dir='ltr'>quomodo</span> <span class='ocrx_word' id='word_1_175' title='bbox 673 3079 803 3140; x_wconf 73' lang='lat' dir='ltr'>magnos</span> <span class='ocrx_word' id='word_1_176' title='bbox 843 3075 1003 3142; x_wconf 82' lang='lat' dir='ltr'>apparatus</span> <span class='ocrx_word' id='word_1_177' title='bbox 1040 3062 1168 3128; x_wconf 79' lang='lat' dir='ltr'>bellicos</span> 
     </span>
     <span class='ocr_line' id='line_1_25' title="bbox 133 3161 1169 3250; baseline 0.005 -26"><span class='ocrx_word' id='word_1_178' title='bbox 133 3163 269 3224; x_wconf 79' lang='lat' dir='ltr'>vrbcaet</span> <span class='ocrx_word' id='word_1_179' title='bbox 282 3165 421 3247; x_wconf 79' lang='lat' dir='ltr'>reliqua?</span> <span class='ocrx_word' id='word_1_180' title='bbox 445 3166 578 3238; x_wconf 83' lang='lat' dir='ltr'>Scilicet,</span> <span class='ocrx_word' id='word_1_181' title='bbox 600 3178 634 3223; x_wconf 86' lang='lat' dir='ltr'>vt</span> <span class='ocrx_word' id='word_1_182' title='bbox 674 3161 713 3224; x_wconf 93' lang='lat' dir='ltr'>ab</span> <span class='ocrx_word' id='word_1_183' title='bbox 727 3164 866 3223; x_wconf 80' lang='lat' dir='ltr'>Antonio</span> <span class='ocrx_word' id='word_1_184' title='bbox 887 3167 921 3223; x_wconf 88' lang='lat' dir='ltr'>in</span> <span class='ocrx_word' id='word_1_185' title='bbox 941 3166 1084 3250; x_wconf 73' lang='lat' dir='ltr'>Aegypto</span> <span class='ocrx_word' id='word_1_186' title='bbox 1105 3168 1169 3230; x_wconf 85' lang='lat' dir='ltr'>lac·</span> 
     </span>
     <span class='ocr_line' id='line_1_26' title="bbox 133 3243 1169 3350; baseline 0.005 -23"><span class='ocrx_word' id='word_1_187' title='bbox 133 3271 173 3327; x_wconf 86' lang='lat' dir='ltr'>in</span> <span class='ocrx_word' id='word_1_188' title='bbox 185 3271 287 3327; x_wconf 85' lang='lat' dir='ltr'>numia</span> <span class='ocrx_word' id='word_1_189' title='bbox 301 3268 440 3327; x_wconf 80' lang='lat' dir='ltr'>videmus</span> <span class='ocrx_word' id='word_1_190' title='bbox 457 3243 633 3348; x_wconf 72' lang='lat' dir='ltr'>prouincias</span> <span class='ocrx_word' id='word_1_191' title='bbox 674 3279 722 3325; x_wconf 87' lang='lat' dir='ltr'>tos</span> <span class='ocrx_word' id='word_1_192' title='bbox 731 3287 740 3336; x_wconf 87' lang='grc'><strong>;</strong></span> <span class='ocrx_word' id='word_1_193' title='bbox 760 3280 794 3325; x_wconf 83' lang='lat' dir='ltr'>vt</span> <span class='ocrx_word' id='word_1_194' title='bbox 814 3265 947 3348; x_wconf 80' lang='lat' dir='ltr'>populos</span> <span class='ocrx_word' id='word_1_195' title='bbox 970 3282 1023 3327; x_wconf 87' lang='lat' dir='ltr'>aut</span> <span class='ocrx_word' id='word_1_196' title='bbox 1040 3274 1169 3350; x_wconf 59' lang='lat' dir='ltr'>paouin-</span> 
     </span>
     <span class='ocr_line' id='line_1_27' title="bbox 135 3366 1168 3450; baseline 0.003 -20"><span class='ocrx_word' id='word_1_197' title='bbox 135 3368 283 3430; x_wconf 77' lang='lat' dir='ltr'>muliebii</span> <span class='ocrx_word' id='word_1_198' title='bbox 322 3371 421 3430; x_wconf 83' lang='lat' dir='ltr'>sonna</span> <span class='ocrx_word' id='word_1_199' title='bbox 463 3368 631 3450; x_wconf 78' lang='lat' dir='ltr'>supplices,</span> <span class='ocrx_word' id='word_1_200' title='bbox 675 3371 736 3429; x_wconf 83' lang='lat' dir='ltr'>cias</span> <span class='ocrx_word' id='word_1_201' title='bbox 758 3366 842 3427; x_wconf 82' lang='lat' dir='ltr'>bello</span> <span class='ocrx_word' id='word_1_202' title='bbox 864 3383 1026 3429; x_wconf 76' lang='lat' dir='ltr'>eumentes</span> <span class='ocrx_word' id='word_1_203' title='bbox 1051 3371 1168 3446; x_wconf 87' lang='lat' dir='ltr'>dicunt,</span> 
     </span>
     <span class='ocr_line' id='line_1_28' title="bbox 134 3465 1170 3557; baseline 0.003 -23"><span class='ocrx_word' id='word_1_204' title='bbox 134 3474 317 3534; x_wconf 81' lang='lat' dir='ltr'>Armeniam</span> <span class='ocrx_word' id='word_1_205' title='bbox 346 3469 492 3532; x_wconf 79' lang='lat' dir='ltr'>maestam</span> <span class='ocrx_word' id='word_1_206' title='bbox 507 3465 633 3533; x_wconf 71' lang='lat' dir='ltr'>seden-</span> <span class='ocrx_word' id='word_1_207' title='bbox 675 3491 746 3531; x_wconf 88' lang='lat' dir='ltr'>cum</span> <span class='ocrx_word' id='word_1_208' title='bbox 760 3470 893 3533; x_wconf 78' lang='lat' dir='ltr'>animose</span> <span class='ocrx_word' id='word_1_209' title='bbox 907 3469 1023 3532; x_wconf 86' lang='lat' dir='ltr'>bellum</span> <span class='ocrx_word' id='word_1_210' title='bbox 1040 3490 1170 3557; x_wconf 80' lang='lat' dir='ltr'>parant3</span> 
     </span>
    </p>
   </div>
   <div class='ocr_carea' id='block_1_5' title="bbox 135 3572 1280 3656">
    <p class='ocr_par' dir='ltr' id='par_1_5' title="bbox 135 3572 1280 3656">
     <span class='ocr_line' id='line_1_29' title="bbox 135 3572 1280 3656; baseline -0.005 -20"><span class='ocrx_word' id='word_1_211' title='bbox 135 3590 204 3636; x_wconf 79' lang='lat' dir='ltr'>tem</span> <span class='ocrx_word' id='word_1_212' title='bbox 231 3578 313 3635; x_wconf 82' lang='lat' dir='ltr'>inter</span> <span class='ocrx_word' id='word_1_213' title='bbox 340 3595 443 3644; x_wconf 83' lang='lat' dir='ltr'>arma,</span> <span class='ocrx_word' id='word_1_214' title='bbox 486 3573 634 3635; x_wconf 78' lang='lat' dir='ltr'>Parthum</span> <span class='ocrx_word' id='word_1_215' title='bbox 673 3590 707 3634; x_wconf 86' lang='lat' dir='ltr'>vt</span> <span class='ocrx_word' id='word_1_216' title='bbox 729 3577 859 3636; x_wconf 88' lang='lat' dir='ltr'>omnino</span> <span class='ocrx_word' id='word_1_217' title='bbox 880 3572 1038 3656; x_wconf 84' lang='lat' dir='ltr'>superbia,</span> <span class='ocrx_word' id='word_1_218' title='bbox 1082 3574 1179 3652; x_wconf 52' lang='lat' dir='ltr'>sollu„</span> <span class='ocrx_word' id='word_1_219' title='bbox 1276 3615 1280 3630; x_wconf 92' lang='lat'>.</span> 
     </span>
    </p>
   </div>
   <div class='ocr_carea' id='block_1_6' title="bbox 129 3675 1175 4377">
    <p class='ocr_par' dir='ltr' id='par_1_6' title="bbox 129 3675 1175 4377">
     <span class='ocr_line' id='line_1_30' title="bbox 137 3675 1172 3757; baseline 0.003 -19"><span class='ocrx_word' id='word_1_220' title='bbox 137 3697 236 3738; x_wconf 82' lang='lat' dir='ltr'>vnum</span> <span class='ocrx_word' id='word_1_221' title='bbox 255 3677 305 3738; x_wconf 80' lang='lat' dir='ltr'>vel</span> <span class='ocrx_word' id='word_1_222' title='bbox 326 3677 390 3738; x_wconf 88' lang='lat' dir='ltr'>duo</span> <span class='ocrx_word' id='word_1_223' title='bbox 412 3677 452 3736; x_wconf 86' lang='lat' dir='ltr'>ad</span> <span class='ocrx_word' id='word_1_224' title='bbox 470 3691 634 3757; x_wconf 77' lang='lat' dir='ltr'>ttopaeum</span> <span class='ocrx_word' id='word_1_225' title='bbox 677 3690 804 3736; x_wconf 77' lang='lat' dir='ltr'>tumere</span> <span class='ocrx_word' id='word_1_226' title='bbox 839 3675 982 3738; x_wconf 85' lang='lat' dir='ltr'>dicuntur</span> <span class='ocrx_word' id='word_1_227' title='bbox 1019 3676 1172 3741; x_wconf 81' lang='lat' dir='ltr'>homines.</span> 
     </span>
     <span class='ocr_line' id='line_1_31' title="bbox 134 3775 1173 3862; baseline 0.003 -21"><span class='ocrx_word' id='word_1_228' title='bbox 134 3778 278 3841; x_wconf 79' lang='lat' dir='ltr'>sedentea</span> <span class='ocrx_word' id='word_1_229' title='bbox 304 3776 446 3838; x_wconf 76' lang='lat' dir='ltr'>manibus</span> <span class='ocrx_word' id='word_1_230' title='bbox 474 3775 544 3860; x_wconf 80' lang='lat' dir='ltr'>poll</span> <span class='ocrx_word' id='word_1_231' title='bbox 575 3793 636 3840; x_wconf 86' lang='lat' dir='ltr'>tcr-</span> <span class='ocrx_word' id='word_1_232' title='bbox 679 3781 775 3862; x_wconf 84' lang='lat' dir='ltr'>Quod</span> <span class='ocrx_word' id='word_1_233' title='bbox 790 3801 860 3842; x_wconf 88' lang='lat' dir='ltr'>cum</span> <span class='ocrx_word' id='word_1_234' title='bbox 876 3779 916 3841; x_wconf 88' lang='lat' dir='ltr'>ad</span> <span class='ocrx_word' id='word_1_235' title='bbox 929 3777 1059 3841; x_wconf 90' lang='lat' dir='ltr'>fluuium</span> <span class='ocrx_word' id='word_1_236' title='bbox 1075 3798 1173 3844; x_wconf 79' lang='lat' dir='ltr'>trana-</span> 
     </span>
     <span class='ocr_line' id='line_1_32' title="bbox 137 3879 1173 3965; baseline 0.007 -26"><span class='ocrx_word' id='word_1_237' title='bbox 137 3901 217 3965; x_wconf 81' lang='lat' dir='ltr'>gum</span> <span class='ocrx_word' id='word_1_238' title='bbox 251 3884 406 3942; x_wconf 84' lang='lat' dir='ltr'>reuinctis.</span> <span class='ocrx_word' id='word_1_239' title='bbox 467 3879 636 3964; x_wconf 76' lang='lat' dir='ltr'>Augustum</span> <span class='ocrx_word' id='word_1_240' title='bbox 677 3883 790 3958; x_wconf 78' lang='lat' dir='ltr'>fertur,</span> <span class='ocrx_word' id='word_1_241' title='bbox 815 3883 971 3965; x_wconf 80' lang='lat' dir='ltr'>praeclaro</span> <span class='ocrx_word' id='word_1_242' title='bbox 992 3883 1044 3944; x_wconf 86' lang='lat' dir='ltr'>ille</span> <span class='ocrx_word' id='word_1_243' title='bbox 1062 3881 1173 3946; x_wconf 75' lang='lat' dir='ltr'>fluctus</span> 
     </span>
     <span class='ocr_line' id='line_1_33' title="bbox 129 3983 1175 4070; baseline 0.006 -28"><span class='ocrx_word' id='word_1_244' title='bbox 129 3991 247 4043; x_wconf 81' lang='lat' dir='ltr'>’autam</span> <span class='ocrx_word' id='word_1_245' title='bbox 281 4004 339 4065; x_wconf 82' lang='lat' dir='ltr'>per</span> <span class='ocrx_word' id='word_1_246' title='bbox 375 3983 550 4068; x_wconf 80' lang='lat' dir='ltr'>Quirinum</span> <span class='ocrx_word' id='word_1_247' title='bbox 583 3984 637 4045; x_wconf 85' lang='lat' dir='ltr'>de·</span> <span class='ocrx_word' id='word_1_248' title='bbox 677 3985 823 4061; x_wconf 81' lang='lat' dir='ltr'>voluere,</span> <span class='ocrx_word' id='word_1_249' title='bbox 867 4005 960 4070; x_wconf 79' lang='lat' dir='ltr'>aquas</span> <span class='ocrx_word' id='word_1_250' title='bbox 995 4005 1108 4069; x_wconf 81' lang='lat' dir='ltr'>augere</span> <span class='ocrx_word' id='word_1_251' title='bbox 1141 3997 1175 4048; x_wconf 87' lang='lat' dir='ltr'>et</span> 
     </span>
     <span class='ocr_line' id='line_1_34' title="bbox 138 4083 1174 4168; baseline 0.001 -20"><span class='ocrx_word' id='word_1_252' title='bbox 138 4083 293 4168; x_wconf 79' lang='lat' dir='ltr'>signatum</span> <span class='ocrx_word' id='word_1_253' title='bbox 306 4085 419 4162; x_wconf 78' lang='lat' dir='ltr'>videri,</span> <span class='ocrx_word' id='word_1_254' title='bbox 440 4087 568 4148; x_wconf 86' lang='lat' dir='ltr'>obuium</span> <span class='ocrx_word' id='word_1_255' title='bbox 584 4083 636 4147; x_wconf 81' lang='lat' dir='ltr'>est.</span> <span class='ocrx_word' id='word_1_256' title='bbox 678 4091 807 4150; x_wconf 80' lang='lat' dir='ltr'>incitare</span> <span class='ocrx_word' id='word_1_257' title='bbox 812 4133 824 4165; x_wconf 91' lang='lat'><strong><em>,</em></strong></span> <span class='ocrx_word' id='word_1_258' title='bbox 856 4087 941 4150; x_wconf 80' lang='lat' dir='ltr'>bollo</span> <span class='ocrx_word' id='word_1_259' title='bbox 970 4089 1087 4150; x_wconf 79' lang='lat' dir='ltr'>vadare</span> <span class='ocrx_word' id='word_1_260' title='bbox 1112 4089 1174 4149; x_wconf 80' lang='lat' dir='ltr'>dici</span> 
     </span>
     <span class='ocr_line' id='line_1_35' title="bbox 139 4188 1173 4276; baseline 0.002 -28"><span class='ocrx_word' id='word_1_261' title='bbox 139 4188 255 4249; x_wconf 81' lang='lat' dir='ltr'>Melina</span> <span class='ocrx_word' id='word_1_262' title='bbox 267 4188 338 4261; x_wconf 86' lang='lat' dir='ltr'>hoc,</span> <span class='ocrx_word' id='word_1_263' title='bbox 355 4211 449 4274; x_wconf 87' lang='lat' dir='ltr'>quam</span> <span class='ocrx_word' id='word_1_264' title='bbox 463 4191 639 4276; x_wconf 80' lang='lat' dir='ltr'>Quirinum</span> <span class='ocrx_word' id='word_1_265' title='bbox 678 4190 790 4275; x_wconf 83' lang='lat' dir='ltr'>potest.</span> <span class='ocrx_word' id='word_1_266' title='bbox 835 4193 908 4254; x_wconf 78' lang='lat' dir='ltr'>Fert</span> <span class='ocrx_word' id='word_1_267' title='bbox 940 4191 1025 4252; x_wconf 87' lang='lat' dir='ltr'>idem</span> <span class='ocrx_word' id='word_1_268' title='bbox 1057 4194 1173 4273; x_wconf 75' lang='lat' dir='ltr'>panius</span> 
     </span>
     <span class='ocr_line' id='line_1_36' title="bbox 139 4291 1174 4377; baseline 0.004 -27"><span class='ocrx_word' id='word_1_269' title='bbox 139 4311 203 4372; x_wconf 82' lang='lat' dir='ltr'>pro</span> <span class='ocrx_word' id='word_1_270' title='bbox 218 4291 339 4374; x_wconf 87' lang='lat' dir='ltr'>populo</span> <span class='ocrx_word' id='word_1_271' title='bbox 352 4293 494 4376; x_wconf 68' lang='lat' dir='ltr'>Quidni,</span> <span class='ocrx_word' id='word_1_272' title='bbox 524 4293 639 4358; x_wconf 86' lang='lat' dir='ltr'>Roma·</span> <span class='ocrx_word' id='word_1_273' title='bbox 680 4297 790 4359; x_wconf 81' lang='lat' dir='ltr'>sermo.</span> <span class='ocrx_word' id='word_1_274' title='bbox 839 4296 909 4358; x_wconf 88' lang='lat' dir='ltr'>Hoc</span> <span class='ocrx_word' id='word_1_275' title='bbox 923 4293 1048 4369; x_wconf 78' lang='lat' dir='ltr'>melius,</span> <span class='ocrx_word' id='word_1_276' title='bbox 1080 4309 1174 4377; x_wconf 80' lang='lat' dir='ltr'>quam</span> 
     </span>
    </p>
   </div>
   <div class='ocr_carea' id='block_1_7' title="bbox 0 0 1481 5067">
    <p class='ocr_par' dir='ltr' id='par_1_7' title="bbox 0 0 1481 5067">
     <span class='ocr_line' id='line_1_37' title="bbox 0 0 1481 5067; baseline 0 0"><span class='ocrx_word' id='word_1_277' title='bbox 0 0 1481 5067; x_wconf 95' lang='lat' dir='ltr'> </span> 
     </span>
    </p>
   </div>
  </div>
 </body>
</html>
