<?xml version="1.0" encoding="UTF-8"?>
<!DOCTYPE html PUBLIC "-//W3C//DTD XHTML 1.0 Transitional//EN"
    "http://www.w3.org/TR/xhtml1/DTD/xhtml1-transitional.dtd">
<html xmlns="http://www.w3.org/1999/xhtml" xml:lang="en" lang="en">
 <head>
  <title>
</title>
<meta http-equiv="Content-Type" content="text/html;charset=utf-8" />
  <meta name='ocr-system' content='tesseract 3.04.00' />
  <meta name='ocr-capabilities' content='ocr_page ocr_carea ocr_par ocr_line ocrx_word'/>
</head>
<body>
  <div class='ocr_page' id='page_1' title='image "./varietatelectio00heyngoog_0120.png"; bbox 0 0 2942 5067; ppageno 0'>
   <div class='ocr_carea' id='block_1_1' title="bbox 348 337 1198 480">
    <p class='ocr_par' dir='ltr' id='par_1_1' title="bbox 348 337 1198 480">
     <span class='ocr_line' id='line_1_1' title="bbox 348 337 1198 480; baseline 0.006 -46"><span class='ocrx_word' id='word_1_1' title='bbox 348 337 432 446; x_wconf 73' lang='lat'><strong>&#39;46</strong></span> <span class='ocrx_word' id='word_1_2' title='bbox 592 353 1198 480; x_wconf 74' lang='lat' dir='ltr'><strong>P.v1nG1t11mnu0-Nts</strong></span> 
     </span>
    </p>
   </div>
   <div class='ocr_carea' id='block_1_2' title="bbox 259 537 1402 1322">
    <p class='ocr_par' dir='ltr' id='par_1_2' title="bbox 259 537 1381 1051">
     <span class='ocr_line' id='line_1_2' title="bbox 380 537 1266 648; baseline -0.001 -26"><span class='ocrx_word' id='word_1_3' title='bbox 380 549 500 648; x_wconf 86' lang='lat' dir='ltr'><strong>Saepe</strong></span> <span class='ocrx_word' id='word_1_4' title='bbox 517 545 594 620; x_wconf 90' lang='lat' dir='ltr'><strong>leui</strong></span> <span class='ocrx_word' id='word_1_5' title='bbox 612 545 782 630; x_wconf 86' lang='lat' dir='ltr'><strong>somnum</strong></span> <span class='ocrx_word' id='word_1_6' title='bbox 803 543 971 621; x_wconf 80' lang='lat' dir='ltr'><strong>suadebit</strong></span> <span class='ocrx_word' id='word_1_7' title='bbox 993 553 1089 624; x_wconf 87' lang='lat' dir='ltr'><strong>inire</strong></span> <span class='ocrx_word' id='word_1_8' title='bbox 1115 537 1266 623; x_wconf 79' lang='lat' dir='ltr'><strong>sulbrrb.</strong></span> 
     </span>
     <span class='ocr_line' id='line_1_3' title="bbox 379 680 1329 782; baseline 0 -26"><span class='ocrx_word' id='word_1_9' title='bbox 379 687 478 757; x_wconf 87' lang='lat' dir='ltr'><strong>Hinc</strong></span> <span class='ocrx_word' id='word_1_10' title='bbox 497 680 571 754; x_wconf 86' lang='lat' dir='ltr'><strong>alta</strong></span> <span class='ocrx_word' id='word_1_11' title='bbox 590 681 655 756; x_wconf 86' lang='lat' dir='ltr'><strong>sub</strong></span> <span class='ocrx_word' id='word_1_12' title='bbox 675 709 770 782; x_wconf 90' lang='lat' dir='ltr'><strong>rupe</strong></span> <span class='ocrx_word' id='word_1_13' title='bbox 793 700 903 757; x_wconf 88' lang='lat' dir='ltr'><strong>canet</strong></span> <span class='ocrx_word' id='word_1_14' title='bbox 922 681 1118 757; x_wconf 80' lang='lat' dir='ltr'><strong>frondator</strong></span> <span class='ocrx_word' id='word_1_15' title='bbox 1137 683 1187 756; x_wconf 86' lang='lat' dir='ltr'><strong>ad</strong></span> <span class='ocrx_word' id='word_1_16' title='bbox 1206 707 1329 772; x_wconf 80' lang='lat' dir='ltr'><strong>auras3</strong></span> 
     </span>
     <span class='ocr_line' id='line_1_4' title="bbox 379 815 1381 918; baseline 0 -26"><span class='ocrx_word' id='word_1_17' title='bbox 379 821 461 892; x_wconf 87' lang='lat' dir='ltr'><strong>Nec</strong></span> <span class='ocrx_word' id='word_1_18' title='bbox 476 836 602 891; x_wconf 85' lang='lat' dir='ltr'><strong>tamen</strong></span> <span class='ocrx_word' id='word_1_19' title='bbox 615 821 758 890; x_wconf 89' lang='lat' dir='ltr'><strong>interea</strong></span> <span class='ocrx_word' id='word_1_20' title='bbox 778 844 931 910; x_wconf 83' lang='lat' dir='ltr'><strong>raucae,</strong></span> <span class='ocrx_word' id='word_1_21' title='bbox 960 835 1026 891; x_wconf 90' lang='lat' dir='ltr'><strong>tua</strong></span> <span class='ocrx_word' id='word_1_22' title='bbox 1046 844 1153 909; x_wconf 89' lang='lat' dir='ltr'><strong>cura,</strong></span> <span class='ocrx_word' id='word_1_23' title='bbox 1179 815 1381 918; x_wconf 84' lang='lat' dir='ltr'><strong>palumbes,</strong></span> 
     </span>
     <span class='ocr_line' id='line_1_5' title="bbox 259 948 1271 1051; baseline -0.001 -25"><span class='ocrx_word' id='word_1_24' title='bbox 259 963 263 968; x_wconf 87' lang='grc'><strong>’</strong></span> <span class='ocrx_word' id='word_1_25' title='bbox 377 952 459 1027; x_wconf 84' lang='lat' dir='ltr'><strong>Nec</strong></span> <span class='ocrx_word' id='word_1_26' title='bbox 479 977 629 1051; x_wconf 86' lang='lat' dir='ltr'><strong>gemere</strong></span> <span class='ocrx_word' id='word_1_27' title='bbox 650 956 749 1027; x_wconf 87' lang='lat' dir='ltr'><strong>aeria</strong></span> <span class='ocrx_word' id='word_1_28' title='bbox 770 948 920 1027; x_wconf 87' lang='lat' dir='ltr'><strong>cessabit</strong></span> <span class='ocrx_word' id='word_1_29' title='bbox 941 969 1062 1024; x_wconf 89' lang='lat' dir='ltr'><strong>turtur</strong></span> <span class='ocrx_word' id='word_1_30' title='bbox 1082 949 1129 1024; x_wconf 90' lang='lat' dir='ltr'><strong>ab</strong></span> <span class='ocrx_word' id='word_1_31' title='bbox 1159 950 1271 1025; x_wconf 88' lang='lat' dir='ltr'><strong>vhno.</strong></span> 
     </span>
    </p>

    <p class='ocr_par' dir='ltr' id='par_1_3' title="bbox 323 1085 1402 1322">
     <span class='ocr_line' id='line_1_6' title="bbox 323 1085 1402 1188; baseline -0.001 -28"><span class='ocrx_word' id='word_1_32' title='bbox 323 1148 329 1176; x_wconf 77' lang='lat'><strong>,</strong></span> <span class='ocrx_word' id='word_1_33' title='bbox 377 1113 413 1160; x_wconf 75' lang='lat' dir='ltr'><strong>a.</strong></span> <span class='ocrx_word' id='word_1_34' title='bbox 426 1088 523 1171; x_wconf 83' lang='lat' dir='ltr'><strong>Ante</strong></span> <span class='ocrx_word' id='word_1_35' title='bbox 544 1086 647 1184; x_wconf 81' lang='lat' dir='ltr'><strong>leues</strong></span> <span class='ocrx_word' id='word_1_36' title='bbox 667 1110 758 1188; x_wconf 83' lang='lat' dir='ltr'><strong>ergo</strong></span> <span class='ocrx_word' id='word_1_37' title='bbox 780 1085 974 1188; x_wconf 88' lang='lat' dir='ltr'><strong>pascentur</strong></span> <span class='ocrx_word' id='word_1_38' title='bbox 986 1091 1026 1160; x_wconf 91' lang='lat' dir='ltr'><strong>in</strong></span> <span class='ocrx_word' id='word_1_39' title='bbox 1041 1085 1194 1161; x_wconf 86' lang='lat' dir='ltr'><strong>aethere</strong></span> <span class='ocrx_word' id='word_1_40' title='bbox 1212 1091 1326 1178; x_wconf 82' lang='lat' dir='ltr'><strong>tenti,</strong></span> <span class='ocrx_word' id='word_1_41' title='bbox 1356 1087 1402 1160; x_wconf 87' lang='grc'><strong>60</strong></span> 
     </span>
     <span class='ocr_line' id='line_1_7' title="bbox 376 1219 1244 1322; baseline -0.006 -26"><span class='ocrx_word' id='word_1_42' title='bbox 376 1225 423 1296; x_wconf 89' lang='lat' dir='ltr'><strong>Et</strong></span> <span class='ocrx_word' id='word_1_43' title='bbox 441 1220 535 1295; x_wconf 81' lang='lat' dir='ltr'><strong>freta</strong></span> <span class='ocrx_word' id='word_1_44' title='bbox 555 1219 755 1296; x_wconf 85' lang='lat' dir='ltr'><strong>destituent</strong></span> <span class='ocrx_word' id='word_1_45' title='bbox 772 1220 895 1294; x_wconf 88' lang='lat' dir='ltr'><strong>nudos</strong></span> <span class='ocrx_word' id='word_1_46' title='bbox 920 1226 959 1293; x_wconf 91' lang='lat' dir='ltr'><strong>in</strong></span> <span class='ocrx_word' id='word_1_47' title='bbox 982 1220 1095 1296; x_wconf 90' lang='lat' dir='ltr'><strong>litore</strong></span> <span class='ocrx_word' id='word_1_48' title='bbox 1118 1219 1244 1322; x_wconf 87' lang='lat' dir='ltr'><strong>piscis:</strong></span> 
     </span>
    </p>
   </div>
   <div class='ocr_carea' id='block_1_3' title="bbox 373 1401 1403 2076">
    <p class='ocr_par' dir='ltr' id='par_1_4' title="bbox 373 1401 1403 2076">
     <span class='ocr_line' id='line_1_8' title="bbox 445 1401 1403 1488; baseline -0.006 -18"><span class='ocrx_word' id='word_1_49' title='bbox 445 1415 480 1470; x_wconf 81' lang='grc'><strong>66</strong></span> <span class='ocrx_word' id='word_1_50' title='bbox 490 1414 638 1484; x_wconf 81' lang='lat' dir='ltr'><strong>suadebat</strong></span> <span class='ocrx_word' id='word_1_51' title='bbox 650 1415 734 1470; x_wconf 89' lang='lat' dir='ltr'><strong>Gotb.</strong></span> <span class='ocrx_word' id='word_1_52' title='bbox 749 1435 789 1488; x_wconf 91' lang='lat' dir='ltr'><strong>pr.</strong></span> <span class='ocrx_word' id='word_1_53' title='bbox 858 1418 892 1486; x_wconf 81' lang='grc'><strong>67</strong></span> <span class='ocrx_word' id='word_1_54' title='bbox 914 1417 1049 1470; x_wconf 76' lang='lat' dir='ltr'><strong>alternus</strong></span> <span class='ocrx_word' id='word_1_55' title='bbox 1064 1401 1152 1468; x_wconf 81' lang='lat' dir='ltr'><strong>Heius.</strong></span> <span class='ocrx_word' id='word_1_56' title='bbox 1194 1413 1235 1466; x_wconf 81' lang='lat' dir='ltr'><strong>ad</strong></span> <span class='ocrx_word' id='word_1_57' title='bbox 1249 1413 1403 1468; x_wconf 77' lang='lat' dir='ltr'><strong>auresPtr·</strong></span> 
     </span>
     <span class='ocr_line' id='line_1_9' title="bbox 375 1497 1400 1574; baseline -0.005 -20"><span class='ocrx_word' id='word_1_58' title='bbox 375 1499 441 1554; x_wconf 79' lang='lat' dir='ltr'><strong>rlrss.</strong></span> <span class='ocrx_word' id='word_1_59' title='bbox 472 1499 544 1572; x_wconf 90' lang='lat' dir='ltr'><strong>quod</strong></span> <span class='ocrx_word' id='word_1_60' title='bbox 577 1497 671 1554; x_wconf 81' lang='lat' dir='ltr'><strong>refellit</strong></span> <span class='ocrx_word' id='word_1_61' title='bbox 698 1501 842 1554; x_wconf 77' lang='lat' dir='ltr'><strong>Burmann.</strong></span> <span class='ocrx_word' id='word_1_62' title='bbox 922 1503 956 1556; x_wconf 82' lang='grc'><strong>68</strong></span> <span class='ocrx_word' id='word_1_63' title='bbox 976 1510 1057 1554; x_wconf 77' lang='lat' dir='ltr'><strong>rauci</strong></span> <span class='ocrx_word' id='word_1_64' title='bbox 1084 1497 1154 1574; x_wconf 73' lang='lat' dir='ltr'><strong>apud</strong></span> <span class='ocrx_word' id='word_1_65' title='bbox 1178 1499 1245 1552; x_wconf 87' lang='lat' dir='ltr'><strong>Pier.</strong></span> <span class='ocrx_word' id='word_1_66' title='bbox 1271 1497 1400 1552; x_wconf 87' lang='lat' dir='ltr'><strong>nonnulli.</strong></span> 
     </span>
     <span class='ocr_line' id='line_1_10' title="bbox 374 1583 1402 1657; baseline -0.001 -21"><span class='ocrx_word' id='word_1_67' title='bbox 374 1589 410 1656; x_wconf 78' lang='lat'><strong>59</strong></span> <span class='ocrx_word' id='word_1_68' title='bbox 427 1585 500 1637; x_wconf 77' lang='lat' dir='ltr'><strong>Seru.</strong></span> <span class='ocrx_word' id='word_1_69' title='bbox 521 1587 549 1638; x_wconf 90' lang='lat' dir='ltr'><strong>h.</strong></span> <span class='ocrx_word' id='word_1_70' title='bbox 574 1586 593 1639; x_wconf 90' lang='lat' dir='ltr'><strong>l.</strong></span> <span class='ocrx_word' id='word_1_71' title='bbox 613 1586 719 1640; x_wconf 77' lang='lat' dir='ltr'><strong>laudet:</strong></span> <span class='ocrx_word' id='word_1_72' title='bbox 764 1601 854 1640; x_wconf 83' lang='lat' dir='ltr'><strong>turtur</strong></span> <span class='ocrx_word' id='word_1_73' title='bbox 872 1585 987 1657; x_wconf 84' lang='lat' dir='ltr'><strong>ceffabit</strong></span> <span class='ocrx_word' id='word_1_74' title='bbox 1010 1589 1046 1640; x_wconf 87' lang='lat' dir='ltr'><strong>ab</strong></span> <span class='ocrx_word' id='word_1_75' title='bbox 1067 1607 1096 1640; x_wconf 80' lang='lat' dir='ltr'><strong>v.</strong></span> <span class='ocrx_word' id='word_1_76' title='bbox 1150 1589 1161 1602; x_wconf 89' lang='lat'><strong><em>‘</em></strong></span> <span class='ocrx_word' id='word_1_77' title='bbox 1175 1587 1209 1640; x_wconf 97' lang='grc'><strong>60</strong></span> <span class='ocrx_word' id='word_1_78' title='bbox 1229 1594 1260 1638; x_wconf 81' lang='lat' dir='ltr'><strong>in</strong></span> <span class='ocrx_word' id='word_1_79' title='bbox 1283 1583 1402 1637; x_wconf 77' lang='lat' dir='ltr'><strong>aethera</strong></span> 
     </span>
     <span class='ocr_line' id='line_1_11' title="bbox 374 1665 1401 1745; baseline -0.006 -19"><span class='ocrx_word' id='word_1_80' title='bbox 374 1665 453 1738; x_wconf 65' lang='grc' dir='ltr'><strong>(1011.Ι</strong></span> <span class='ocrx_word' id='word_1_81' title='bbox 468 1685 494 1722; x_wconf 90' lang='lat' dir='ltr'><strong>et</strong></span> <span class='ocrx_word' id='word_1_82' title='bbox 514 1670 568 1723; x_wconf 86' lang='lat' dir='ltr'><strong>duo</strong></span> <span class='ocrx_word' id='word_1_83' title='bbox 590 1671 649 1724; x_wconf 72' lang='lat' dir='ltr'><strong>aliie</strong></span> <span class='ocrx_word' id='word_1_84' title='bbox 702 1689 809 1745; x_wconf 81' lang='lat' dir='ltr'><strong>quartus</strong></span> <span class='ocrx_word' id='word_1_85' title='bbox 832 1671 928 1725; x_wconf 75' lang='lat' dir='ltr'><strong>Moru.</strong></span> <span class='ocrx_word' id='word_1_86' title='bbox 954 1690 1000 1742; x_wconf 87' lang='lat' dir='ltr'><strong>pro</strong></span> <span class='ocrx_word' id='word_1_87' title='bbox 1022 1670 1120 1726; x_wconf 73' lang='lat' dir='ltr'><strong>diuersa</strong></span> <span class='ocrx_word' id='word_1_88' title='bbox 1138 1670 1198 1726; x_wconf 86' lang='lat' dir='ltr'><strong>lect.</strong></span> <span class='ocrx_word' id='word_1_89' title='bbox 1219 1679 1250 1724; x_wconf 83' lang='lat' dir='ltr'><strong>in</strong></span> <span class='ocrx_word' id='word_1_90' title='bbox 1270 1689 1401 1740; x_wconf 80' lang='lat' dir='ltr'><strong>aequore,</strong></span> 
     </span>
     <span class='ocr_line' id='line_1_12' title="bbox 375 1753 1402 1830; baseline -0.004 -20"><span class='ocrx_word' id='word_1_91' title='bbox 375 1757 448 1830; x_wconf 83' lang='lat' dir='ltr'><strong>quod</strong></span> <span class='ocrx_word' id='word_1_92' title='bbox 465 1754 499 1807; x_wconf 78' lang='lat' dir='ltr'><strong>td</strong></span> <span class='ocrx_word' id='word_1_93' title='bbox 518 1754 596 1811; x_wconf 79' lang='lat' dir='ltr'><strong>iustas</strong></span> <span class='ocrx_word' id='word_1_94' title='bbox 617 1757 789 1830; x_wconf 80' lang='lat' dir='ltr'><strong>oppositionis</strong></span> <span class='ocrx_word' id='word_1_95' title='bbox 810 1756 880 1828; x_wconf 76' lang='lat' dir='ltr'><strong>leges</strong></span> <span class='ocrx_word' id='word_1_96' title='bbox 894 1757 1116 1810; x_wconf 76' lang='lat' dir='ltr'><strong>accommodatius</strong></span> <span class='ocrx_word' id='word_1_97' title='bbox 1136 1757 1217 1819; x_wconf 85' lang='lat' dir='ltr'><strong>soret;</strong></span> <span class='ocrx_word' id='word_1_98' title='bbox 1241 1756 1332 1828; x_wconf 75' lang='lat' dir='ltr'><strong>inque</strong></span> <span class='ocrx_word' id='word_1_99' title='bbox 1351 1753 1402 1827; x_wconf 81' lang='lat' dir='ltr'><strong>pla·</strong></span> 
     </span>
     <span class='ocr_line' id='line_1_13' title="bbox 376 1843 1402 1910; baseline -0.001 -13"><span class='ocrx_word' id='word_1_100' title='bbox 376 1858 418 1897; x_wconf 85' lang='lat' dir='ltr'><strong>cet</strong></span> <span class='ocrx_word' id='word_1_101' title='bbox 430 1843 526 1894; x_wconf 72' lang='lat' dir='ltr'><strong>Burni.</strong></span> <span class='ocrx_word' id='word_1_102' title='bbox 550 1857 576 1894; x_wconf 83' lang='lat' dir='ltr'><strong>et</strong></span> <span class='ocrx_word' id='word_1_103' title='bbox 599 1843 712 1896; x_wconf 87' lang='lat' dir='ltr'><strong>Trillero</strong></span> <span class='ocrx_word' id='word_1_104' title='bbox 727 1843 799 1897; x_wconf 87' lang='lat' dir='ltr'><strong>Obls.</strong></span> <span class='ocrx_word' id='word_1_105' title='bbox 816 1844 881 1896; x_wconf 89' lang='lat' dir='ltr'><strong>Crit.</strong></span> <span class='ocrx_word' id='word_1_106' title='bbox 896 1862 918 1895; x_wconf 89' lang='lat' dir='ltr'><strong>c.</strong></span> <span class='ocrx_word' id='word_1_107' title='bbox 935 1859 968 1910; x_wconf 88' lang='lat'><strong>27</strong></span> <span class='ocrx_word' id='word_1_108' title='bbox 992 1858 1019 1896; x_wconf 85' lang='lat' dir='ltr'><strong>et</strong></span> <span class='ocrx_word' id='word_1_109' title='bbox 1039 1843 1103 1896; x_wconf 88' lang='lat' dir='ltr'><strong>olim</strong></span> <span class='ocrx_word' id='word_1_110' title='bbox 1121 1843 1235 1907; x_wconf 69' lang='lat' dir='ltr'><strong>Cerdaet</strong></span> <span class='ocrx_word' id='word_1_111' title='bbox 1267 1845 1360 1898; x_wconf 84' lang='lat' dir='ltr'><strong>malim</strong></span> <span class='ocrx_word' id='word_1_112' title='bbox 1379 1859 1402 1896; x_wconf 90' lang='lat' dir='ltr'><strong>et</strong></span> 
     </span>
     <span class='ocr_line' id='line_1_14' title="bbox 373 1925 1399 2000; baseline -0.002 -18"><span class='ocrx_word' id='word_1_113' title='bbox 373 1927 439 2000; x_wconf 83' lang='lat' dir='ltr'><strong>ipse,</strong></span> <span class='ocrx_word' id='word_1_114' title='bbox 473 1927 555 1979; x_wconf 88' lang='lat' dir='ltr'><strong>modo</strong></span> <span class='ocrx_word' id='word_1_115' title='bbox 571 1945 627 1980; x_wconf 86' lang='lat' dir='ltr'><strong>nou</strong></span> <span class='ocrx_word' id='word_1_116' title='bbox 647 1943 821 1982; x_wconf 82' lang='lat' dir='ltr'><strong>correctorem</strong></span> <span class='ocrx_word' id='word_1_117' title='bbox 841 1927 976 1981; x_wconf 83' lang='lat' dir='ltr'><strong>redoleret.</strong></span> <span class='ocrx_word' id='word_1_118' title='bbox 1023 1927 1132 2000; x_wconf 85' lang='lat' dir='ltr'><strong>Recepit</strong></span> <span class='ocrx_word' id='word_1_119' title='bbox 1157 1947 1228 1984; x_wconf 86' lang='lat' dir='ltr'><strong>nunc</strong></span> <span class='ocrx_word' id='word_1_120' title='bbox 1241 1925 1399 1984; x_wconf 75' lang='lat' dir='ltr'><strong>Wakefield,</strong></span> 
     </span>
     <span class='ocr_line' id='line_1_15' title="bbox 373 2002 1238 2076; baseline -0.001 -7"><span class='ocrx_word' id='word_1_121' title='bbox 373 2017 405 2070; x_wconf 82' lang='lat'><strong>61</strong></span> <span class='ocrx_word' id='word_1_122' title='bbox 424 2002 501 2066; x_wconf 73' lang='lat' dir='ltr'><strong>itudo</strong></span> <span class='ocrx_word' id='word_1_123' title='bbox 522 2021 554 2065; x_wconf 83' lang='lat' dir='ltr'><strong>in</strong></span> <span class='ocrx_word' id='word_1_124' title='bbox 573 2015 670 2067; x_wconf 78' lang='lat' dir='ltr'><strong>luam</strong></span> <span class='ocrx_word' id='word_1_125' title='bbox 687 2033 752 2067; x_wconf 75' lang='lat' dir='ltr'><strong>unus</strong></span> <span class='ocrx_word' id='word_1_126' title='bbox 772 2014 858 2076; x_wconf 80' lang='lat' dir='ltr'><strong>Vem,</strong></span> <span class='ocrx_word' id='word_1_127' title='bbox 884 2011 989 2068; x_wconf 82' lang='lat' dir='ltr'><strong>deberet</strong></span> <span class='ocrx_word' id='word_1_128' title='bbox 1009 2010 1099 2067; x_wconf 67' lang='lat' dir='ltr'><strong>saltem</strong></span> <span class='ocrx_word' id='word_1_129' title='bbox 1119 2013 1238 2068; x_wconf 81' lang='lat' dir='ltr'><strong>nudate.</strong></span> 
     </span>
    </p>
   </div>
   <div class='ocr_carea' id='block_1_4' title="bbox 318 2179 1436 2675">
    <p class='ocr_par' dir='ltr' id='par_1_5' title="bbox 318 2179 1436 2675">
     <span class='ocr_line' id='line_1_16' title="bbox 372 2179 1403 2266; baseline 0.003 -28"><span class='ocrx_word' id='word_1_130' title='bbox 372 2180 434 2242; x_wconf 82' lang='lat' dir='ltr'><strong>tibi</strong></span> <span class='ocrx_word' id='word_1_131' title='bbox 444 2179 582 2257; x_wconf 80' lang='lat' dir='ltr'><strong>susurro</strong></span> <span class='ocrx_word' id='word_1_132' title='bbox 598 2180 667 2238; x_wconf 82' lang='lat' dir='ltr'><strong>leui</strong></span> <span class='ocrx_word' id='word_1_133' title='bbox 680 2201 773 2261; x_wconf 82' lang='lat' dir='ltr'><strong>epum</strong></span> <span class='ocrx_word' id='word_1_134' title='bbox 798 2193 867 2266; x_wconf 70' lang='lat' dir='ltr'><strong>(ua.</strong></span> <span class='ocrx_word' id='word_1_135' title='bbox 909 2183 1079 2262; x_wconf 87' lang='lat' dir='ltr'><strong>proprium.</strong></span> <span class='ocrx_word' id='word_1_136' title='bbox 1102 2202 1131 2241; x_wconf 88' lang='lat' dir='ltr'><strong>v.</strong></span> <span class='ocrx_word' id='word_1_137' title='bbox 1158 2181 1267 2242; x_wconf 84' lang='lat' dir='ltr'><strong>Cerda.</strong></span> <span class='ocrx_word' id='word_1_138' title='bbox 1291 2195 1328 2244; x_wconf 89' lang='lat' dir='ltr'><strong>et</strong></span> <span class='ocrx_word' id='word_1_139' title='bbox 1348 2201 1403 2241; x_wconf 87' lang='lat' dir='ltr'><strong>ae·</strong></span> 
     </span>
     <span class='ocr_line' id='line_1_17' title="bbox 372 2278 1436 2366; baseline -0.003 -19"><span class='ocrx_word' id='word_1_140' title='bbox 372 2278 426 2347; x_wconf 81' lang='grc' dir='ltr'><strong>λδν</strong></span> <span class='ocrx_word' id='word_1_141' title='bbox 443 2281 573 2363; x_wconf 78' lang='grc' dir='ltr'><em>βομβὲῐν</em></span> <span class='ocrx_word' id='word_1_142' title='bbox 592 2281 724 2346; x_wconf 88' lang='lat' dir='ltr'><strong>Theocr.</strong></span> <span class='ocrx_word' id='word_1_143' title='bbox 747 2285 822 2343; x_wconf 88' lang='lat' dir='ltr'><strong>dixit</strong></span> <span class='ocrx_word' id='word_1_144' title='bbox 839 2284 864 2358; x_wconf 87' lang='lat'><strong>1,</strong></span> <span class='ocrx_word' id='word_1_145' title='bbox 908 2284 962 2340; x_wconf 84' lang='lat' dir='ltr'><strong>ria</strong></span> <span class='ocrx_word' id='word_1_146' title='bbox 976 2281 1019 2340; x_wconf 86' lang='lat' dir='ltr'><strong>ab</strong></span> <span class='ocrx_word' id='word_1_147' title='bbox 1041 2283 1147 2356; x_wconf 75' lang='lat' dir='ltr'><strong>ulmo,</strong></span> <span class='ocrx_word' id='word_1_148' title='bbox 1177 2299 1333 2366; x_wconf 86' lang='lat' dir='ltr'><strong>perpetuo</strong></span> <span class='ocrx_word' id='word_1_149' title='bbox 1357 2303 1404 2344; x_wconf 79' lang='lat' dir='ltr'><strong>er·</strong></span> <span class='ocrx_word' id='word_1_150' title='bbox 1435 2291 1436 2296; x_wconf 76' lang='grc'>’</span> 
     </span>
     <span class='ocr_line' id='line_1_18' title="bbox 377 2383 1403 2468; baseline 0 -22"><span class='ocrx_word' id='word_1_151' title='bbox 377 2389 448 2468; x_wconf 82' lang='lat'>107)</span> <span class='ocrx_word' id='word_1_152' title='bbox 466 2388 545 2442; x_wconf 87' lang='lat' dir='ltr'><strong>inire</strong></span> <span class='ocrx_word' id='word_1_153' title='bbox 559 2383 707 2444; x_wconf 87' lang='lat' dir='ltr'><strong>somnum.</strong></span> <span class='ocrx_word' id='word_1_154' title='bbox 750 2386 865 2446; x_wconf 83' lang='lat' dir='ltr'><strong>Vltima</strong></span> <span class='ocrx_word' id='word_1_155' title='bbox 907 2383 1021 2446; x_wconf 87' lang='lat' dir='ltr'><strong>borum</strong></span> <span class='ocrx_word' id='word_1_156' title='bbox 1050 2384 1205 2467; x_wconf 87' lang='lat' dir='ltr'><strong>epitheto,</strong></span> <span class='ocrx_word' id='word_1_157' title='bbox 1253 2403 1287 2448; x_wconf 88' lang='lat' dir='ltr'><strong>vt</strong></span> <span class='ocrx_word' id='word_1_158' title='bbox 1316 2389 1403 2447; x_wconf 88' lang='lat' dir='ltr'><strong>multi</strong></span> 
     </span>
     <span class='ocr_line' id='line_1_19' title="bbox 371 2483 1404 2569; baseline 0.002 -21"><span class='ocrx_word' id='word_1_159' title='bbox 371 2483 514 2568; x_wconf 80' lang='lat' dir='ltr'><strong>expressit</strong></span> <span class='ocrx_word' id='word_1_160' title='bbox 532 2484 645 2548; x_wconf 75' lang='lat' dir='ltr'><strong>tuton.</strong></span> <span class='ocrx_word' id='word_1_161' title='bbox 666 2489 724 2569; x_wconf 89' lang='lat' dir='ltr'><strong>Ep.</strong></span> <span class='ocrx_word' id='word_1_162' title='bbox 741 2491 792 2562; x_wconf 78' lang='lat'><strong>25,</strong></span> <span class='ocrx_word' id='word_1_163' title='bbox 827 2509 863 2548; x_wconf 84' lang='lat'><strong>12</strong></span> <span class='ocrx_word' id='word_1_164' title='bbox 907 2487 1056 2562; x_wconf 89' lang='lat' dir='ltr'><strong>docuere,</strong></span> <span class='ocrx_word' id='word_1_165' title='bbox 1098 2504 1129 2550; x_wconf 91' lang='lat' dir='ltr'><strong>et</strong></span> <span class='ocrx_word' id='word_1_166' title='bbox 1149 2489 1345 2552; x_wconf 83' lang='lat' dir='ltr'><strong>Burmannus</strong></span> <span class='ocrx_word' id='word_1_167' title='bbox 1365 2489 1404 2550; x_wconf 83' lang='lat' dir='ltr'><strong>ed</strong></span> 
     </span>
     <span class='ocr_line' id='line_1_20' title="bbox 318 2587 1272 2675; baseline 0.008 -30"><span class='ocrx_word' id='word_1_168' title='bbox 318 2601 322 2611; x_wconf 89' lang='lat'>·</span> <span class='ocrx_word' id='word_1_169' title='bbox 370 2587 529 2669; x_wconf 73' lang='lat' dir='ltr'><strong>Jiyblaer&#39;s</strong></span> <span class='ocrx_word' id='word_1_170' title='bbox 541 2589 657 2670; x_wconf 82' lang='lat' dir='ltr'><strong>apibus</strong></span> <span class='ocrx_word' id='word_1_171' title='bbox 668 2591 790 2672; x_wconf 77' lang='lat' dir='ltr'><strong>saepes</strong></span> <span class='ocrx_word' id='word_1_172' title='bbox 809 2589 864 2652; x_wconf 81' lang='lat' dir='ltr'><strong>de·</strong></span> <span class='ocrx_word' id='word_1_173' title='bbox 904 2589 1031 2654; x_wconf 82' lang='lat' dir='ltr'><strong>Anthol.</strong></span> <span class='ocrx_word' id='word_1_174' title='bbox 1046 2591 1098 2651; x_wconf 87' lang='lat' dir='ltr'><strong>let.</strong></span> <span class='ocrx_word' id='word_1_175' title='bbox 1114 2613 1184 2675; x_wconf 83' lang='lat' dir='ltr'><strong>pag.</strong></span> <span class='ocrx_word' id='word_1_176' title='bbox 1204 2611 1272 2656; x_wconf 85' lang='lat' dir='ltr'><strong>roo.</strong></span> 
     </span>
    </p>
   </div>
   <div class='ocr_carea' id='block_1_5' title="bbox 348 2689 1404 4327">
    <p class='ocr_par' dir='ltr' id='par_1_6' title="bbox 348 2689 1404 4327">
     <span class='ocr_line' id='line_1_21' title="bbox 366 2689 1402 2790; baseline 0.004 -22"><span class='ocrx_word' id='word_1_177' title='bbox 366 2689 463 2775; x_wconf 80' lang='lat' dir='ltr'><strong>pasta</strong></span> <span class='ocrx_word' id='word_1_178' title='bbox 473 2691 639 2769; x_wconf 58' lang='lat' dir='ltr'><em>susum!-</em></span> <span class='ocrx_word' id='word_1_179' title='bbox 967 2713 1018 2774; x_wconf 88' lang='grc'><strong>60.</strong></span> <span class='ocrx_word' id='word_1_180' title='bbox 1047 2708 1140 2770; x_wconf 82' lang='lat' dir='ltr'><strong>Ante</strong></span> <span class='ocrx_word' id='word_1_181' title='bbox 1176 2711 1265 2772; x_wconf 78' lang='lat' dir='ltr'><strong>leues</strong></span> <span class='ocrx_word' id='word_1_182' title='bbox 1306 2731 1402 2790; x_wconf 78' lang='lat' dir='ltr'><strong>ergo,</strong></span> 
     </span>
     <span class='ocr_line' id='line_1_22' title="bbox 412 2809 1402 2897; baseline 0 -23"><span class='ocrx_word' id='word_1_183' title='bbox 412 2813 464 2891; x_wconf 81' lang='lat'><strong>57.</strong></span> <span class='ocrx_word' id='word_1_184' title='bbox 483 2811 689 2888; x_wconf 82' lang='lat' dir='ltr'><strong>Frondator&#39;,</strong></span> <span class='ocrx_word' id='word_1_185' title='bbox 714 2817 768 2895; x_wconf 88' lang='lat' dir='ltr'><strong>qui</strong></span> <span class='ocrx_word' id='word_1_186' title='bbox 789 2817 863 2876; x_wconf 79' lang='lat' dir='ltr'><strong>vites</strong></span> <span class='ocrx_word' id='word_1_187' title='bbox 906 2809 990 2896; x_wconf 82' lang='lat' dir='ltr'><strong>quasi</strong></span> <span class='ocrx_word' id='word_1_188' title='bbox 1025 2811 1120 2872; x_wconf 88' lang='lat' dir='ltr'><strong>dicat:</strong></span> <span class='ocrx_word' id='word_1_189' title='bbox 1170 2827 1254 2874; x_wconf 89' lang='lat' dir='ltr'><strong>recte</strong></span> <span class='ocrx_word' id='word_1_190' title='bbox 1288 2819 1402 2897; x_wconf 88' lang='lat' dir='ltr'><strong>vtique</strong></span> 
     </span>
     <span class='ocr_line' id='line_1_23' title="bbox 367 2913 1402 2995; baseline 0.004 -23"><span class='ocrx_word' id='word_1_191' title='bbox 367 2930 508 2995; x_wconf 75' lang='lat' dir='ltr'><strong>amputat</strong></span> <span class='ocrx_word' id='word_1_192' title='bbox 522 2931 555 2974; x_wconf 89' lang='lat' dir='ltr'><strong>et</strong></span> <span class='ocrx_word' id='word_1_193' title='bbox 567 2920 674 2975; x_wconf 87' lang='lat' dir='ltr'><strong>vitium</strong></span> <span class='ocrx_word' id='word_1_194' title='bbox 688 2914 763 2976; x_wconf 84' lang='lat' dir='ltr'><strong>solia</strong></span> <span class='ocrx_word' id='word_1_195' title='bbox 778 2913 863 2975; x_wconf 81' lang='lat' dir='ltr'><strong>strin-</strong></span> <span class='ocrx_word' id='word_1_196' title='bbox 906 2914 983 2976; x_wconf 85' lang='lat' dir='ltr'><strong>baec</strong></span> <span class='ocrx_word' id='word_1_197' title='bbox 1014 2913 1099 2975; x_wconf 84' lang='lat' dir='ltr'><strong>bone</strong></span> <span class='ocrx_word' id='word_1_198' title='bbox 1125 2935 1196 2976; x_wconf 77' lang='lat' dir='ltr'><strong>meu</strong></span> <span class='ocrx_word' id='word_1_199' title='bbox 1223 2935 1402 2990; x_wconf 85' lang='lat' dir='ltr'><strong>enumeres,</strong></span> 
     </span>
     <span class='ocr_line' id='line_1_24' title="bbox 367 3015 1402 3100; baseline 0.004 -25"><span class='ocrx_word' id='word_1_200' title='bbox 367 3020 421 3097; x_wconf 78' lang='lat' dir='ltr'><strong>git,</strong></span> <span class='ocrx_word' id='word_1_201' title='bbox 444 3017 590 3098; x_wconf 86' lang='lat' dir='ltr'><strong>decerpit.</strong></span> <span class='ocrx_word' id='word_1_202' title='bbox 613 3018 674 3078; x_wconf 87' lang='lat' dir='ltr'><strong>vid.</strong></span> <span class='ocrx_word' id='word_1_203' title='bbox 690 3019 805 3098; x_wconf 82' lang='lat' dir='ltr'><strong>Georg.</strong></span> <span class='ocrx_word' id='word_1_204' title='bbox 820 3017 860 3092; x_wconf 89' lang='lat'><strong>11,</strong></span> <span class='ocrx_word' id='word_1_205' title='bbox 902 3015 1072 3092; x_wconf 86' lang='lat' dir='ltr'><strong>Meliboee,</strong></span> <span class='ocrx_word' id='word_1_206' title='bbox 1089 3033 1121 3078; x_wconf 91' lang='lat' dir='ltr'><strong>et</strong></span> <span class='ocrx_word' id='word_1_207' title='bbox 1132 3032 1295 3098; x_wconf 84' lang='lat' dir='ltr'><strong>propterea</strong></span> <span class='ocrx_word' id='word_1_208' title='bbox 1311 3033 1402 3100; x_wconf 82' lang='lat' dir='ltr'><strong>grato</strong></span> 
     </span>
     <span class='ocr_line' id='line_1_25' title="bbox 366 3117 1404 3201; baseline 0.003 -21"><span class='ocrx_word' id='word_1_209' title='bbox 366 3119 431 3181; x_wconf 73' lang='lat'><strong>365</strong></span> <span class='ocrx_word' id='word_1_210' title='bbox 445 3117 528 3201; x_wconf 89' lang='lat' dir='ltr'><strong>seqq.</strong></span> <span class='ocrx_word' id='word_1_211' title='bbox 562 3127 635 3197; x_wconf 72' lang='lat'><strong>400.</strong></span> <span class='ocrx_word' id='word_1_212' title='bbox 669 3127 743 3200; x_wconf 72' lang='lat'><strong>407.</strong></span> <span class='ocrx_word' id='word_1_213' title='bbox 785 3127 858 3197; x_wconf 77' lang='lat'><strong>410.</strong></span> <span class='ocrx_word' id='word_1_214' title='bbox 899 3140 958 3200; x_wconf 85' lang='lat' dir='ltr'><strong>per</strong></span> <span class='ocrx_word' id='word_1_215' title='bbox 984 3135 1081 3180; x_wconf 84' lang='lat' dir='ltr'><strong>totam</strong></span> <span class='ocrx_word' id='word_1_216' title='bbox 1108 3124 1200 3180; x_wconf 81' lang='lat' dir='ltr'><strong>vitam</strong></span> <span class='ocrx_word' id='word_1_217' title='bbox 1233 3123 1266 3179; x_wconf 89' lang='lat' dir='ltr'><strong>iu</strong></span> <span class='ocrx_word' id='word_1_218' title='bbox 1289 3137 1404 3201; x_wconf 80' lang='lat' dir='ltr'><strong>petro·</strong></span> 
     </span>
     <span class='ocr_line' id='line_1_26' title="bbox 366 3218 1402 3300; baseline 0.007 -23"><span class='ocrx_word' id='word_1_219' title='bbox 366 3218 491 3292; x_wconf 82' lang='lat' dir='ltr'><strong>Ecl.‘H,</strong></span> <span class='ocrx_word' id='word_1_220' title='bbox 509 3241 560 3300; x_wconf 88' lang='lat'><strong>7⁰·</strong></span> <span class='ocrx_word' id='word_1_221' title='bbox 578 3223 634 3296; x_wconf 89' lang='lat' dir='ltr'><strong>IX,</strong></span> <span class='ocrx_word' id='word_1_222' title='bbox 650 3221 701 3284; x_wconf 89' lang='grc'><strong>60.</strong></span> <span class='ocrx_word' id='word_1_223' title='bbox 736 3219 785 3279; x_wconf 84' lang='lat' dir='ltr'><strong>ad</strong></span> <span class='ocrx_word' id='word_1_224' title='bbox 799 3241 859 3278; x_wconf 81' lang='lat' dir='ltr'><strong>art·</strong></span> <span class='ocrx_word' id='word_1_225' title='bbox 898 3240 974 3280; x_wconf 89' lang='lat' dir='ltr'><strong>num</strong></span> <span class='ocrx_word' id='word_1_226' title='bbox 999 3241 1101 3282; x_wconf 87' lang='lat' dir='ltr'><strong>meum</strong></span> <span class='ocrx_word' id='word_1_227' title='bbox 1131 3241 1186 3282; x_wconf 87' lang='lat' dir='ltr'><strong>ero</strong></span> <span class='ocrx_word' id='word_1_228' title='bbox 1211 3224 1337 3294; x_wconf 64' lang='lat' dir='ltr'><strong>animm</strong></span> <span class='ocrx_word' id='word_1_229' title='bbox 1366 3225 1402 3284; x_wconf 92' lang='lat' dir='ltr'><strong>id</strong></span> 
     </span>
     <span class='ocr_line' id='line_1_27' title="bbox 365 3323 1401 3405; baseline 0.008 -27"><span class='ocrx_word' id='word_1_230' title='bbox 365 3339 441 3389; x_wconf 82' lang='lat' dir='ltr'><strong>ras,</strong></span> <span class='ocrx_word' id='word_1_231' title='bbox 474 3327 518 3381; x_wconf 88' lang='lat' dir='ltr'><strong>vti</strong></span> <span class='ocrx_word' id='word_1_232' title='bbox 535 3323 574 3383; x_wconf 88' lang='lat' dir='ltr'><strong>de</strong></span> <span class='ocrx_word' id='word_1_233' title='bbox 592 3323 753 3396; x_wconf 83' lang='lat' dir='ltr'><strong>clamore,</strong></span> <span class='ocrx_word' id='word_1_234' title='bbox 786 3343 857 3384; x_wconf 89' lang='lat' dir='ltr'><strong>eum</strong></span> <span class='ocrx_word' id='word_1_235' title='bbox 899 3323 984 3405; x_wconf 89' lang='lat' dir='ltr'><strong>quod</strong></span> <span class='ocrx_word' id='word_1_236' title='bbox 1012 3327 1141 3384; x_wconf 87' lang='lat' dir='ltr'><strong>omnino</strong></span> <span class='ocrx_word' id='word_1_237' title='bbox 1172 3323 1213 3384; x_wconf 87' lang='lat' dir='ltr'><strong>ad</strong></span> <span class='ocrx_word' id='word_1_238' title='bbox 1243 3327 1401 3403; x_wconf 87' lang='lat' dir='ltr'><strong>pietatem</strong></span> 
     </span>
     <span class='ocr_line' id='line_1_28' title="bbox 365 3423 1401 3506; baseline 0.005 -25"><span class='ocrx_word' id='word_1_239' title='bbox 365 3425 458 3481; x_wconf 84' lang='lat' dir='ltr'><strong>exire</strong></span> <span class='ocrx_word' id='word_1_240' title='bbox 472 3426 508 3481; x_wconf 81' lang='lat' dir='ltr'><strong>in</strong></span> <span class='ocrx_word' id='word_1_241' title='bbox 522 3445 633 3492; x_wconf 84' lang='lat' dir='ltr'><strong>auras,</strong></span> <span class='ocrx_word' id='word_1_242' title='bbox 655 3425 729 3483; x_wconf 78' lang='lat' dir='ltr'><strong>tolli</strong></span> <span class='ocrx_word' id='word_1_243' title='bbox 742 3423 791 3482; x_wconf 80' lang='lat' dir='ltr'><strong>ad</strong></span> <span class='ocrx_word' id='word_1_244' title='bbox 802 3445 857 3483; x_wconf 85' lang='lat' dir='ltr'><strong>ae·</strong></span> <span class='ocrx_word' id='word_1_245' title='bbox 897 3424 1000 3485; x_wconf 85' lang='lat' dir='ltr'><strong>liberti</strong></span> <span class='ocrx_word' id='word_1_246' title='bbox 1028 3425 1193 3506; x_wconf 82' lang='lat' dir='ltr'><strong>spectabat.</strong></span> <span class='ocrx_word' id='word_1_247' title='bbox 1253 3425 1401 3502; x_wconf 63' lang='lat' dir='ltr'><strong>Pescen·</strong></span> 
     </span>
     <span class='ocr_line' id='line_1_29' title="bbox 365 3523 1397 3610; baseline 0.004 -26"><span class='ocrx_word' id='word_1_248' title='bbox 365 3523 464 3584; x_wconf 75' lang='lat' dir='ltr'><strong>them</strong></span> <span class='ocrx_word' id='word_1_249' title='bbox 477 3542 535 3587; x_wconf 88' lang='lat' dir='ltr'><strong>etc.</strong></span> <span class='ocrx_word' id='word_1_250' title='bbox 561 3527 642 3588; x_wconf 87' lang='lat' dir='ltr'><strong>cons.</strong></span> <span class='ocrx_word' id='word_1_251' title='bbox 658 3527 779 3596; x_wconf 82' lang='lat' dir='ltr'><strong>Burm.;</strong></span> <span class='ocrx_word' id='word_1_252' title='bbox 806 3527 857 3586; x_wconf 82' lang='lat' dir='ltr'><strong>elii</strong></span> <span class='ocrx_word' id='word_1_253' title='bbox 899 3542 954 3587; x_wconf 80' lang='lat' dir='ltr'><strong>tur</strong></span> <span class='ocrx_word' id='word_1_254' title='bbox 974 3530 1009 3588; x_wconf 82' lang='lat' dir='ltr'><strong>in</strong></span> <span class='ocrx_word' id='word_1_255' title='bbox 1031 3527 1165 3585; x_wconf 78' lang='lat' dir='ltr'><strong>aethere</strong></span> <span class='ocrx_word' id='word_1_256' title='bbox 1186 3529 1294 3594; x_wconf 79' lang='lat' dir='ltr'><strong>cerui,</strong></span> <span class='ocrx_word' id='word_1_257' title='bbox 1331 3551 1397 3610; x_wconf 91' lang='lat' dir='ltr'><strong>pro</strong></span> 
     </span>
     <span class='ocr_line' id='line_1_30' title="bbox 354 3625 1400 3708; baseline 0.004 -22"><span class='ocrx_word' id='word_1_258' title='bbox 354 3627 568 3707; x_wconf 77' lang='lat' dir='ltr'><strong>spirantibus</strong></span> <span class='ocrx_word' id='word_1_259' title='bbox 582 3633 675 3688; x_wconf 85' lang='lat' dir='ltr'><strong>auris</strong></span> <span class='ocrx_word' id='word_1_260' title='bbox 688 3625 857 3706; x_wconf 76' lang='lat' dir='ltr'><strong>&#39;etaestum</strong></span> <span class='ocrx_word' id='word_1_261' title='bbox 900 3629 1064 3702; x_wconf 80' lang='lat' dir='ltr'><strong>volabunt,</strong></span> <span class='ocrx_word' id='word_1_262' title='bbox 1100 3645 1134 3689; x_wconf 88' lang='lat' dir='ltr'><strong>et</strong></span> <span class='ocrx_word' id='word_1_263' title='bbox 1157 3633 1266 3688; x_wconf 80' lang='lat' dir='ltr'><strong>maria</strong></span> <span class='ocrx_word' id='word_1_264' title='bbox 1296 3629 1400 3708; x_wconf 59' lang='lat' dir='ltr'><strong>defid-</strong></span> 
     </span>
     <span class='ocr_line' id='line_1_31' title="bbox 363 3728 1400 3818; baseline 0.01 -32"><span class='ocrx_word' id='word_1_265' title='bbox 363 3728 570 3798; x_wconf 80' lang='lat' dir='ltr'><strong>leuantibus:</strong></span> <span class='ocrx_word' id='word_1_266' title='bbox 609 3731 745 3792; x_wconf 88' lang='lat' dir='ltr'><strong>subtilius</strong></span> <span class='ocrx_word' id='word_1_267' title='bbox 762 3735 872 3792; x_wconf 84' lang='lat' dir='ltr'><strong>etiem&#39;</strong></span> <span class='ocrx_word' id='word_1_268' title='bbox 897 3732 1114 3818; x_wconf 80' lang='lat' dir='ltr'><strong>tuentpisces,</strong></span> <span class='ocrx_word' id='word_1_269' title='bbox 1145 3730 1174 3792; x_wconf 91' lang='lat' dir='ltr'><strong>h.</strong></span> <span class='ocrx_word' id='word_1_270' title='bbox 1192 3747 1224 3794; x_wconf 89' lang='lat' dir='ltr'><strong>et</strong></span> <span class='ocrx_word' id='word_1_271' title='bbox 1239 3731 1337 3814; x_wconf 84' lang='lat' dir='ltr'><strong>pisces</strong></span> <span class='ocrx_word' id='word_1_272' title='bbox 1362 3739 1400 3796; x_wconf 87' lang='lat' dir='ltr'><strong>in</strong></span> 
     </span>
     <span class='ocr_line' id='line_1_32' title="bbox 361 3829 1399 3918; baseline 0.009 -30"><span class='ocrx_word' id='word_1_273' title='bbox 361 3829 422 3890; x_wconf 85' lang='lat' dir='ltr'><strong>alii.</strong></span> <span class='ocrx_word' id='word_1_274' title='bbox 457 3833 554 3894; x_wconf 83' lang='lat' dir='ltr'><strong>Aliter</strong></span> <span class='ocrx_word' id='word_1_275' title='bbox 568 3833 649 3894; x_wconf 84' lang='lat' dir='ltr'><strong>dicta</strong></span> <span class='ocrx_word' id='word_1_276' title='bbox 664 3841 753 3895; x_wconf 85' lang='lat' dir='ltr'><strong>turris</strong></span> <span class='ocrx_word' id='word_1_277' title='bbox 766 3831 855 3911; x_wconf 79' lang='lat' dir='ltr'><strong>llere</strong></span> <span class='ocrx_word' id='word_1_278' title='bbox 894 3830 971 3896; x_wconf 81' lang='lat' dir='ltr'><strong>sicco</strong></span> <span class='ocrx_word' id='word_1_279' title='bbox 993 3838 1118 3905; x_wconf 77' lang='lat' dir='ltr'><strong>uiuent;</strong></span> <span class='ocrx_word' id='word_1_280' title='bbox 1150 3839 1256 3918; x_wconf 84' lang='lat' dir='ltr'><strong>ltaque</strong></span> <span class='ocrx_word' id='word_1_281' title='bbox 1281 3835 1399 3898; x_wconf 79' lang='lat' dir='ltr'><strong>nudos</strong></span> 
     </span>
     <span class='ocr_line' id='line_1_33' title="bbox 359 3929 1400 4015; baseline 0.01 -25"><span class='ocrx_word' id='word_1_282' title='bbox 359 3929 410 3990; x_wconf 79' lang='lat' dir='ltr'><strong>ad</strong></span> <span class='ocrx_word' id='word_1_283' title='bbox 426 3952 529 3993; x_wconf 76' lang='lat' dir='ltr'><strong>auras</strong></span> <span class='ocrx_word' id='word_1_284' title='bbox 551 3937 611 3998; x_wconf 84' lang='lat' dir='ltr'><strong>alte</strong></span> <span class='ocrx_word' id='word_1_285' title='bbox 627 3937 704 3998; x_wconf 84' lang='lat' dir='ltr'><strong>Aen.</strong></span> <span class='ocrx_word' id='word_1_286' title='bbox 715 3937 769 4010; x_wconf 90' lang='lat' dir='ltr'><strong>Vl,</strong></span> <span class='ocrx_word' id='word_1_287' title='bbox 780 3941 851 4015; x_wconf 76' lang='lat'><strong>554.</strong></span> <span class='ocrx_word' id='word_1_288' title='bbox 895 3937 978 3998; x_wconf 84' lang='lat' dir='ltr'><strong>dixit.</strong></span> <span class='ocrx_word' id='word_1_289' title='bbox 1027 3933 1164 3998; x_wconf 80' lang='lat' dir='ltr'><strong>Assumta</strong></span> <span class='ocrx_word' id='word_1_290' title='bbox 1193 3951 1296 3998; x_wconf 82' lang='lat' dir='ltr'><strong>autem</strong></span> <span class='ocrx_word' id='word_1_291' title='bbox 1326 3938 1400 4000; x_wconf 85' lang='lat' dir='ltr'><strong>for-</strong></span> 
     </span>
     <span class='ocr_line' id='line_1_34' title="bbox 348 4027 1396 4123; baseline 0.01 -32"><span class='ocrx_word' id='word_1_292' title='bbox 348 4027 418 4113; x_wconf 79' lang='lat' dir='ltr'><strong>sub</strong></span> <span class='ocrx_word' id='word_1_293' title='bbox 441 4056 523 4118; x_wconf 73' lang='lat' dir='ltr'><strong>rupe</strong></span> <span class='ocrx_word' id='word_1_294' title='bbox 554 4043 589 4100; x_wconf 88' lang='lat' dir='ltr'><strong>in</strong></span> <span class='ocrx_word' id='word_1_295' title='bbox 616 4061 711 4120; x_wconf 87' lang='lat' dir='ltr'><strong>rupe,</strong></span> <span class='ocrx_word' id='word_1_296' title='bbox 745 4044 854 4121; x_wconf 85' lang='lat' dir='ltr'><strong>accipit</strong></span> <span class='ocrx_word' id='word_1_297' title='bbox 893 4041 976 4099; x_wconf 87' lang='lat' dir='ltr'><strong>mula</strong></span> <span class='ocrx_word' id='word_1_298' title='bbox 1005 4061 1043 4100; x_wconf 86' lang='lat' dir='ltr'><strong>ex</strong></span> <span class='ocrx_word' id='word_1_299' title='bbox 1072 4045 1199 4123; x_wconf 81' lang='lat' dir='ltr'><strong>antiquo</strong></span> <span class='ocrx_word' id='word_1_300' title='bbox 1236 4040 1396 4102; x_wconf 82' lang='lat' dir='ltr'><strong>sermone.</strong></span> 
     </span>
     <span class='ocr_line' id='line_1_35' title="bbox 358 4137 1395 4224; baseline 0.01 -28"><span class='ocrx_word' id='word_1_301' title='bbox 358 4137 462 4196; x_wconf 72' lang='lat' dir='ltr'><strong>Burin.</strong></span> <span class='ocrx_word' id='word_1_302' title='bbox 503 4141 579 4200; x_wconf 85' lang='lat' dir='ltr'><strong>Mox</strong></span> <span class='ocrx_word' id='word_1_303' title='bbox 599 4162 628 4203; x_wconf 88' lang='lat' dir='ltr'><strong>v.</strong></span> <span class='ocrx_word' id='word_1_304' title='bbox 647 4145 689 4223; x_wconf 83' lang='lat'><strong>59</strong></span> <span class='ocrx_word' id='word_1_305' title='bbox 722 4162 853 4220; x_wconf 73' lang='lat' dir='ltr'><strong>gemere</strong></span> <span class='ocrx_word' id='word_1_306' title='bbox 892 4163 920 4204; x_wconf 91' lang='lat' dir='ltr'><strong>v.</strong></span> <span class='ocrx_word' id='word_1_307' title='bbox 935 4143 1086 4204; x_wconf 87' lang='lat' dir='ltr'><strong>Herodot.</strong></span> <span class='ocrx_word' id='word_1_308' title='bbox 1104 4143 1144 4216; x_wconf 88' lang='lat' dir='ltr'><strong>V,</strong></span> <span class='ocrx_word' id='word_1_309' title='bbox 1160 4163 1212 4224; x_wconf 76' lang='lat'><strong>92,</strong></span> <span class='ocrx_word' id='word_1_310' title='bbox 1235 4165 1261 4204; x_wconf 84' lang='lat' dir='ltr'><strong>r.</strong></span> <span class='ocrx_word' id='word_1_311' title='bbox 1276 4143 1314 4206; x_wconf 81' lang='lat' dir='ltr'><strong>cf.</strong></span> <span class='ocrx_word' id='word_1_312' title='bbox 1328 4148 1395 4208; x_wconf 84' lang='lat' dir='ltr'><strong>inf.</strong></span> 
     </span>
     <span class='ocr_line' id='line_1_36' title="bbox 357 4237 1272 4327; baseline 0.014 -28"><span class='ocrx_word' id='word_1_313' title='bbox 357 4254 511 4301; x_wconf 86' lang='lat' dir='ltr'><strong>turturum</strong></span> <span class='ocrx_word' id='word_1_314' title='bbox 558 4262 595 4304; x_wconf 91' lang='lat' dir='ltr'><strong>ac</strong></span> <span class='ocrx_word' id='word_1_315' title='bbox 638 4243 851 4307; x_wconf 87' lang='lat' dir='ltr'><strong>columbarum</strong></span> <span class='ocrx_word' id='word_1_316' title='bbox 892 4246 1008 4308; x_wconf 86' lang='lat' dir='ltr'><strong>edEcl.</strong></span> <span class='ocrx_word' id='word_1_317' title='bbox 1023 4247 1063 4318; x_wconf 89' lang='lat' dir='ltr'><strong>V,</strong></span> <span class='ocrx_word' id='word_1_318' title='bbox 1088 4248 1138 4327; x_wconf 85' lang='grc'><strong>76.</strong></span> <span class='ocrx_word' id='word_1_319' title='bbox 1268 4237 1272 4250; x_wconf 68' lang='grc'>’</span> 
     </span>
    </p>
   </div>
   <div class='ocr_carea' id='block_1_6' title="bbox 0 0 1476 5067">
    <p class='ocr_par' dir='ltr' id='par_1_7' title="bbox 0 0 1476 5067">
     <span class='ocr_line' id='line_1_37' title="bbox 0 0 1476 5067; baseline 0 3"><span class='ocrx_word' id='word_1_320' title='bbox 0 0 1476 5067; x_wconf 95' lang='lat' dir='ltr'><strong> </strong></span> 
     </span>
    </p>
   </div>
  </div>
 </body>
</html>
