2942 5067
203 396 986 512 ctonotconmauaaa-an
1059 398 1130 489 aa,

89 590 193 665 Rura
209 588 301 661 mibi
320 608 358 665 et
372 592 465 689 rigui
480 586 653 691 placeant
667 592 708 661 in
721 588 877 663 vallibus
890 616 1036 685 amues3
1055 598 1130 683 485

86 725 259 799 Flumina
274 749 395 797 amem
415 721 598 823 [duasque
613 724 803 823 inglorius.
849 728 896 816 0,
918 725 980 799 vbi
988 733 1127 835 campi,

82 858 391 961 Spercheosque,
420 874 458 933 et
478 856 680 957 virginibus
696 859 876 934 bacchata
896 863 1076 940 Lacaenis
1132 880 1136 885 ’

153 1028 206 1097 48⁵
224 1027 313 1101 agada
334 1028 413 1080 Rom.
438 1024 524 1079 Pierii.
593 1028 644 1095 486
657 1029 683 1079 0
700 1029 752 1081 vbi
775 1027 877 1100 Tempe
896 1030 1047 1087 coniectura
1066 1034 1128 1107 plu.

81 1112 154 1168 rium
176 1112 316 1166 doctorum
334 1112 447 1165 virorum
467 1110 538 1182 apud
551 1112 657 1175 Bam,
691 1129 762 1168 ctca
777 1120 867 1186 ν.469
896 1116 948 1168 iam
970 1136 1125 1187 memorata,

81 1216 110 1253 ct
124 1198 178 1253 vid.
193 1199 288 1252 Notas.
357 1200 407 1265 487
428 1194 638 1269 Spercheosque
657 1199 757 1253 dicrum
777 1216 805 1253 vt
825 1200 969 1267 Ἀλφειὸς,
999 1206 1124 1273 Alpheon,

80 1286 210 1351 Πηνιεδς,
229 1285 344 1347 Peneus,
376 1282 413 1339 fic
430 1284 592 1355 Σπερχειὸς,
618 1284 773 1356 Spercheut.
816 1285 940 1340 Hanno·
959 1290 1125 1361 reposuit,c
1210 1326 1215 1340 x

80 1422 203 1484 cordia
219 1440 380 1497 memorat,
403 1444 440 1483 ex
457 1428 583 1507 antiqua
623 1428 747 1506 poetice
780 1426 945 1500 facultate,
993 1416 1123 1497 naturae
1233 1424 1236 1429 ⁸

79 1528 235 1587 Italorum
270 1524 464 1609 philosophia
503 1532 583 1609 peti·
611 1528 757 1609 aliquam
787 1534 1038 1592 coniunctionem
1068 1534 1122 1599 ba.

80 1646 151 1691 tum
172 1630 270 1708 videri
293 1644 433 1712 poterat,
467 1633 500 1689 in
521 1650 581 1712 qua
598 1618 602 1627 ⁸
622 1628 698 1689 bera
719 1630 815 1691 videri
834 1648 967 1712 poterat.
1016 1636 1122 1701 linita·

74 1730 294 1814 praecordia,
317 1733 448 1817 φρένας,
470 1730 580 1815 a'poem'·
623 1748 669 1791 tus
682 1728 724 1791 est
740 1734 856 1793 versum
870 1738 984 1796 Lucan.
999 1739 1038 1810 ll,
1057 1744 1121 1823 557

79 1836 147 1907 dac,
183 1833 286 1894 sedem
305 1854 373 1895 non
395 1834 491 1895 modo
513 1837 580 1895 rno-
622 1834 784 1896 Ferttidus
798 1838 881 1896 ltacc
895 1842 1016 1898 itcmm
1029 1845 1121 1901 circa
1187 1914 1191 1921 Ι
1233 1904 1242 1916 ,

78 1950 171 1997 tuum
194 1940 304 2009 animi,
332 1936 578 2013 redamantis,
617 1935 819 2017 praecordia
846 1941 991 2019 sanguis
1022 1945 1120 2005 Inca-

78 2038 247 2100 laciebant.
286 2038 347 2099 vid.
370 2039 481 2100 Cicero
502 2037 577 2099 ibid.
620 2039 690 2099 tuit.
1096 2030 1102 2042 ’

75 2142 143 2203 Sed
166 2156 198 2202 et
218 2140 282 2203 hoc
303 2142 400 2223 ipluru
421 2140 578 2221 Empedo·
674 2144 746 2221 485.
775 2162 891 2203 amnes
909 2148 1017 2225 rigui,
1046 2146 1076 2211 lt.
1097 2152 1118 2217 l.

76 2246 182 2305 eleum
200 2242 259 2318 est,
289 2248 372 2303 cuius
391 2244 492 2305 versus
512 2246 578 2304 lau·
620 2249 673 2327 qui
694 2251 806 2328 rigant.
855 2268 981 2319 eamean,
1006 2254 1117 2315 colam.

76 2348 174 2411 datur
198 2352 231 2407 in
251 2346 438 2431 Etjmologo
457 2348 576 2431 Magno
618 2348 773 2429 Exemplis
830 2348 956 2412 illustrat
1011 2356 1116 2419 Burm.
1166 2403 1168 2406 -

74 2454 108 2511 iu
128 2442 207 2529 αἷμα
231 2463 263 2509 et
284 2449 374 2509 alibi:
410 2444 494 2527 Αἷμα
520 2445 576 2533 γὰρ
618 2454 812 2531 486-489.
838 2454 868 2511 0
891 2476 984 2537 quam
1002 2460 1116 2521 vellem
1211 2516 1220 2537 „

74 2545 256 2635 ἅνθρῶποις·
288 2544 475 2635 περικᾶρδιόν
510 2556 575 2616 ἐστι
617 2559 680 2612 ruri
697 2558 789 2613 vitam
805 2537 1114 2643 agerefflramquam

74 2647 186 2737 νέημα.
211 2652 363 2713 Notabilis
377 2652 574 2716 lo'cusSclrol.
616 2669 711 2736 poeta
731 2654 885 2715 nobiliora
905 2678 976 2719 nara
996 2681 1116 2725 memo·

74 2756 197 2838 Craqu.
223 2756 263 2815 ad
289 2756 397 2817 Horat.
427 2758 489 2819 Art.
510 2755 574 2835 465
617 2772 674 2831 rat,
704 2762 739 2818 in
759 2756 946 2836 Tbeffaliae,
984 2764 1116 2825 Laconi-

75 2858 287 2940 Empedocles
321 2892 365 2906 -
401 2862 460 2941 qui
488 2858 575 2919 dica-
617 2882 681 2934 cae,
705 2880 742 2921 ac
754 2860 906 2922 Thraciae
919 2870 1044 2945 campio.
1064 2868 1113 2929 cf.

74 2962 150 3031 bat,
191 2958 291 3020 tarda
317 2964 453 3039 ingenia
471 2964 575 3042 frigi·
617 2964 757 3023 Culicem
772 2986 800 3024 v.
817 2968 875 3045 93,
902 2969 936 3025 in
951 2987 1014 3048 quo
1028 2966 1115 3051 quali

74 3064 119 3124 do
156 3067 246 3122 circa
268 3064 471 3143 praecordia
490 3067 574 3144 sart-
616 3066 729 3128 semina
750 3082 802 3126 aut
822 3066 996 3127 rudimenta
1025 3068 1115 3152 buius

71 3170 179 3246 graina
211 3164 373 3248 impediri.
427 3168 467 3227 At
496 3188 574 3251 quo·
615 3170 793 3252 pulcerrimi
820 3170 881 3230 loci
914 3170 1026 3233 videas.
1086 3162 1116 3235 0

72 3270 228 3331 modoad
247 3268 322 3335 haec
343 3270 458 3332 somnia
475 3268 574 3331 bomi-
614 3270 673 3333 vbi
687 3291 754 3333 non
767 3276 872 3355 itaque
887 3270 951 3347 etl,
977 3290 1009 3335 vt
1023 3274 1114 3338 litum

72 3392 130 3435 nes
148 3372 252 3432 delabi
267 3374 418 3457 potuere?
440 3372 572 3445 Scilicet,
614 3377 756 3437 locorum
775 3392 913 3457 quaerat,
941 3374 993 3436 sed
1012 3394 1049 3460 'vt
1069 3379 1114 3438 ibt

73 3477 167 3559 quod
182 3479 287 3555 primis
305 3498 407 3537 rerum
423 3476 573 3537 aetatibus
615 3480 717 3563 degat.
767 3477 870 3538 Habet
893 3494 999 3539 tamen
1022 3481 1114 3543 locus

73 3578 414 3660 nulluceratlapienc,
439 3586 574 3662 quinon
615 3588 764 3643 maiorem
798 3574 950 3664 δεινότητα
958 3624 969 3655 ,
1011 3576 1035 3641 fi
1068 3588 1114 3644 ita

73 3678 151 3741 ellat
180 3697 291 3761 poeta,
331 3682 439 3747 nullus.
461 3698 573 3763 poeta,
615 3690 732 3769 iungis:
785 3686 814 3743 O
832 3688 948 3742 vtinam
972 3680 1026 3751 fit,
1055 3689 1116 3767 qni

72 3788 129 3866 qui
147 3802 213 3844 non
233 3790 350 3845 maiore
371 3786 465 3844 animi
486 3800 574 3845 motu
617 3808 669 3846 me
680 3784 777 3861 filiae
788 3785 842 3860 ibi,
860 3785 920 3845 vbi
933 3790 1032 3867 campi
1041 3789 1112 3861 etc,

74 3902 172 3968 atque
195 3884 278 3947 aestu
300 3900 478 3969 raperetur,
510 3904 573 3957 aut,
617 3888 820 3952 enthulial'mo
861 3890 1005 3969 abreptus
1049 3890 1114 3952 sen·

71 4004 106 4046 vt
124 3988 351 4070 loquebantur,
389 3990 496 4051 diuino
518 3988 574 4071 spi*
617 3996 783 4053 tentiamm
808 3990 949 4050 ordinem
966 3989 1112 4054 turbauit.

71 4094 136 4149 ritu
181 4090 381 4173 (ἐνθουσιῶν)
422 4108 574 4176 ageretur.
619 4096 735 4173 Campi
757 4092 999 4176 Spercheosque
1035 4114 1113 4173 poe·

72 4191 178 4251 calor
197 4198 302 4277 itaque
310 4195 489 4275 sangniaic
505 4216 576 4255 cum
617 4203 678 4259 tica
697 4196 843 4259 structura
858 4192 1062 4256 entbuliasmo
1078 4214 1112 4256 et
1240 4212 1243 4218 '

72 4297 172 4353 animi
191 4300 237 4370 vi,
268 4302 386 4382 ingenii
400 4298 575 4377 lobtilitatc,
617 4300 680 4385 ipsa
704 4298 912 4361 consentanea
932 4297 1024 4371 dixit,
1054 4318 1115 4381 pro

114 4394 253 4459 Toral
414 4420 429 4455 a
671 4402 765 4464 Nnu
