2942 5067
199 397 1002 500 cnonotconnta.111,t7t-taq
1079 403 1156 504 037

117 588 306 668 Omnibus
326 607 411 666 acta
433 585 507 662 fitis
530 581 681 663 miseros
702 584 912 662 adduxerat
937 604 1055 662 artus:

115 725 253 800 Rursus
267 723 483 799 abundabat
504 721 641 796 fluidus
664 719 809 822 liquor,
841 727 1044 826 omniaque
1064 725 1160 805 inse

116 857 206 936 offa
227 865 441 933 minutatim
467 845 603 933 morbo
629 853 803 957 conlapsa
827 855 1010 932 trahebat.
1083 861 1157 944 485
1212 851 1215 856 ’

115 995 240 1096 Saepe
266 995 483 1071 inhonore
516 993 631 1070 deum
668 989 799 1067 medio
829 987 924 1066 statu
952 989 1072 1068 hostia
1107 995 1158 1071 ad

742 1151 856 1217 mam,

115 1265 244 1338 Lanea
262 1261 361 1346 ,dum
389 1265 504 1337 niuea
528 1258 783 1337 circumdatur
808 1259 927 1336 insula
956 1265 1057 1355 vitta,

114 1474 218 1532 Medic.
241 1489 306 1527 am.
319 1487 361 1546 pt.
428 1472 480 1540 483
500 1468 664 1541 anctafitia
678 1470 802 1526 Parthas.
846 1488 915 1544 apte
937 1471 1021 1529 Goth.
1035 1493 1075 1548 pr.
1112 1475 1161 1528 ab·

121 1562 249 1616 duxerat
268 1558 371 1632 aliquot
393 1575 436 1630 ap.
449 1559 540 1612 Bnrtn.
557 1572 619 1621 cum
633 1555 695 1610 edd.
709 1558 788 1612 Asdd.
809 1560 879 1614 lunt.
913 1555 973 1625 (sad
997 1560 1161 1616 emendatius

116 1647 193 1702 dedit
205 1645 354 1718 Naugerius
367 1643 457 1698 Aldin.
471 1647 547 1706 tert.)
565 1643 649 1697 Goth.
665 1642 714 1697 sec.
720 1675 732 1707 ,
767 1643 847 1697 ariam
865 1643 1025 1717 Phisugyr„
1055 1647 1100 1718 qui
1116 1665 1161 1700 aa·

115 1733 216 1808 plicat,
238 1744 432 1786 contraxerat.
514 1729 567 1796 484
585 1729 774 1782 abundabant
793 1727 866 1782 Gud.
904 1729 1039 1800 ,Λυκίδεω
1056 1729 1158 1786 Medic.

117 1818 284 1888 mamistae
297 1815 458 1879 harmanni,
476 1815 557 1868 Rom.
572 1830 598 1868 et
610 1813 695 1868 Gotb.
709 1834 768 1890 pn,
784 1814 904 1869 'Seruium
924 1813 975 1870 vid.
993 1815 1083 1870 Gisan.
1097 1815 1157 1872 sod.

116 1907 223 1960 Luctet.
291 1904 345 1971 486
361 1904 458 1956 media
468 1901 538 1954 ven.
579 1899 620 1952 ad
633 1920 701 1953 arar
715 1901 757 1954 ed.
772 1902 844 1956 Dan.
859 1915 887 1955 et
901 1899 967 1956 aliae
981 1901 1157 1975 antiquiora:

115 1987 345 2130 {fflnffssst
385 1990 437 2060 487
456 1987 548 2042 Linea
563 1984 642 2050 edd..
661 1987 756 2060 quibus
768 1987 868 2042 Pierius
883 1987 1009 2042 vtabarur.
1044 1989 1160 2042 Laurea

116 2246 296 2312 tabescebat
330 2245 553 2330 colliquatione
580 2263 618 2306 ac
661 2265 742 2309 raon
768 2261 801 2308 et
822 2245 878 2310 rel.
901 2237 1058 2306 trahebat
1085 2266 1155 2306 onr-

115 2352 309 2415 resolutione
341 2355 481 2412 omnium
506 2347 618 2410 bumo-
656 2351 716 2409 nia
737 2347 806 2430 offa
825 2349 868 2410 in
876 2347 939 2426 sa,
971 2347 1046 2410 dum
1067 2347 1155 2434 quafi

116 2477 200 2518 rum.
245 2454 324 2513 Sitis
339 2473 399 2536 pro
416 2449 510 2527 aestu,
533 2452 618 2514 calo-
655 2457 691 2515 in
712 2451 787 2514 tabo
809 2466 971 2533 natarent,
1005 2451 1075 2534 offa
1095 2453 1159 2536 mig

117 2579 175 2633 re,
197 2555 280 2616 vnde
293 2553 355 2616 fitia
373 2559 488 2629 oritur,
508 2570 542 2615 vt
555 2558 617 2615 iam
658 2557 804 2616 urceatim
837 2553 954 2614 morbo
994 2553 1159 2638 collapsa.-

117 2661 248 2722 Seruius
260 2657 408 2739 exposuit.
421 2655 617 2736 fitisignea,
659 2664 745 2720 cuius
772 2661 894 2742 generis
918 2657 1104 2740 liquationea
1125 2673 1160 2724 et

115 2779 153 2825 vt
165 2764 243 2823 Stat.
258 2758 359 2821 Theb.
373 2760 419 2821 1v
417 2803 429 2835 ,
445 2763 508 2841 699
534 2758 618 2818 hare·
657 2760 862 2824 resolutiones
884 2757 994 2822 offium
1015 2765 1108 2822 etiam
1123 2755 1169 2822 iu'

119 2865 255 2944 riesttis
272 2867 372 2944 ignea
390 2883 539 2944 campos,
563 2861 618 2922 vbi
658 2863 724 2924 aliia
753 2863 870 2924 morbis
896 2863 1045 2926 videmus.
1102 2865 1154 2925 De

118 2969 191 3045 alii,
211 2969 533 3049 exinterpretatione,
548 2967 617 3024 ανί-
659 2965 732 3028 tabe
762 2982 795 3030 et
828 2965 995 3049 putredine
1025 2965 1158 3028 cadaue-

117 3071 178 3134 da.
210 3068 289 3146 freis
301 3084 381 3130 acea
396 3068 546 3130 omnibus
559 3087 616 3128 oa-
655 3091 743 3145 rum,
764 3090 831 3133 non
846 3069 886 3131 de
901 3069 977 3146 hac,
1004 3072 1156 3150 accipien-

116 3177 185 3244 πίε,
198 3193 258 3256 per
271 3191 380 3235 omues
393 3192 497 3246 venat,
505 3192 615 3234 omnes
657 3173 715 3234 dus
728 3175 869 3236 Lucanus
879 3173 985 3249 v1,·88
1008 3174 1158 3255 Corpora

117 3276 285 3350 humores,
315 3291 482 3358 penetrans
489 3319 500 3349 ,
522 3274 552 3335 se
568 3278 616 3336 in·
659 3274 741 3338 dam
757 3277 867 3356 soluit
887 3277 982 3338 tabes
1006 3292 1040 3337 et
1066 3275 1159 3356 dige-

116 3377 253 3443 finuans.
282 3380 406 3439 Intima
419 3398 502 3461 para
515 3377 619 3438 ltomt'·
660 3382 716 3456 ηἰ,
732 3380 886 3456 diminuit,
901 3380 1037 3456 resoluit,
1053 3395 1158 3444 artus.

117 3503 203 3542 num
212 3481 383 3563 flagrauit
396 3481 446 3542 ad
459 3481 539 3564 offa,
557 3484 620 3542 Lu·
723 3487 798 3563 486.
830 3483 981 3561 Hostiam
1019 3485 1159 3569 intellige

118 3601 196 3647 crat.
218 3584 273 3660 v1,
299 3587 393 3649 1166.
427 3583 619 3645 adduxerat
660 3589 824 3660 maiorem,
839 3602 972 3662 tamum,
987 3591 1073 3648 cuiue
1088 3602 1159 3648 exta

116 3703 235 3758 artua,
262 3703 332 3750 cute
347 3703 515 3763 contracta,
531 3689 619 3772 quod
660 3687 915 3771 inspiciebantur.
973 3691 1011 3749 in
1032 3690 1160 3750 honore

117 3790 157 3856 fit
177 3811 215 3852 ea
236 3789 447 3867 exarescente,
473 3805 506 3851 vt
523 3795 559 3852 in
572 3791 620 3853 se·
659 3788 760 3852 deum
779 3789 909 3862 medio,
942 3793 1095 3854 stamedio
1114 3791 1160 3854 sa-

117 3893 180 3956 bri.
223 3892 373 3953 adducta
393 3895 479 3953 cutis
493 3915 532 3955 ex
540 3895 619 3954 Oui·
660 3893 795 3975 crifici03
838 3911 918 3958 noto
938 3893 991 3956 vsu
1011 3915 1079 3956 voc.
1100 3894 1159 3958 he·

119 3997 178 4060 dio
199 4012 277 4058 nota
298 3993 538 4079 Met.111,398.
579 3997 620 4060 Ιί-
659 4017 730 4058 nos.
780 3999 855 4080 487.
869 3997 949 4060 dum
971 4002 1002 4060 ei
1021 4001 1161 4058 circuun-

119 4090 211 4184 quor
219 4097 367 4180 fluidus,
394 4097 620 4163 humoreacor·
660 4099 765 4162 datur
798 4092 911 4184 insula
945 4101 1046 4164 lanea
1071 4101 1160 4161 vitta

118 4205 227 4285 rupti,
264 4203 533 4288 colliquescentes,
572 4219 621 4267 ta·
661 4207 784 4276 nium,
812 4209 938 4286 poetica
957 4208 1099 4276 ratione,
1124 4199 1159 4268 h.

117 4303 216 4381 bum,
253 4305 337 4370 cons.
357 4306 540 4368 Lucretiam
561 4303 619 4384 vt,
660 4307 758 4372 infusa
789 4311 905 4372 vittata.
968 4307 1085 4390 Insula
1116 4302 1161 4374 0st
1221 4379 1228 4406 Ι
