2942 5067
357 433 459 484 σιω
591 357 1204 487 avraorurrnnnours

381 595 488 673 Alter
511 599 583 674 erit
609 569 693 672 turn
728 565 889 700 Tipliys‚
928 583 980 672 ¹et
1018 589 1137 669 altera
1178 617 1275 695 quae
1304 594 1399 670 vehat

999 715 1102 828 Argo

379 863 562 940 Delector
581 862 733 953 heroas3
769 880 880 938 erunt
905 867 1017 938 etiam
1041 863 1160 938 altera
1184 861 1294 950 belim
1358 859 1398 934 53

381 1001 509 1099 Atque
524 1003 662 1070 iterum
671 997 722 1070 ad
728 999 885 1070 Troiam
898 1023 1054 1098 magnus
1069 991 1397 1074 mitteturAchilles.

339 1226 342 1232 .
379 1137 498 1224 Hinc,
533 1131 597 1206 vbi
617 1129 856 1234 iamfirmata
878 1136 999 1205 virum
1022 1151 1061 1208 te
1084 1131 1343 1222 secernamus,

380 1267 502 1342 Cedet
522 1282 561 1340 et
580 1265 657 1366 ipse
676 1271 772 1338 mari
790 1283 937 1356 vector;
976 1292 1049 1344 nec
1067 1274 1221 1344 nautica
1240 1271 1342 1367 pinus

379 1399 542 1476 Mutabit
564 1425 729 1476 merces:
776 1403 897 1508 omnis
919 1395 1016 1504 feret
1037 1407 1169 1474 omnia
1192 1401 1313 1476 tellus:

379 1541 471 1618 Non
503 1531 635 1610 rastros
679 1537 844 1636 patietur
879 1535 1034 1635 humus,
1088 1563 1171 1610 non
1207 1515 1319 1628 vinea)
1346 1528 1398 1603 inl·

1007 1685 1090 1736 cem
1097 1690 1110 1754 ς
1358 1664 1397 1738 io

448 1843 485 1912 34
504 1845 601 1915 Argon
624 1839 688 1906 duo,
707 1841 791 1904 urdo:
827 1859 891 1900 mox
914 1843 969 1897 duo
988 1843 1124 1898 Acttllts.
1169 1838 1396 1898 delectaberunt

377 1933 522 1991 illustrauit
534 1931 715 1988 Miticherlich
732 1929 822 1988 noster
841 1935 912 1987 [etr.
931 1933 961 1986 iu
980 1931 1079 1990 Catali,
1099 1953 1128 2006 p.
1143 1933 1170 1988 3.
1238 1931 1270 2003 37
1286 1933 1335 1984 1110
1347 1931 1396 1982 Par·

379 2023 448 2080 rhos.
474 2037 501 2080 et
524 2025 595 2076 Veu.
658 2023 708 2082 ,88
726 2029 815 2076 marte
843 2021 928 2076 Goth.
948 2021 997 2076 see.
1019 2041 1036 2078 ι
1059 2043 1096 2076 ι.
1121 2041 1161 2096 pr.
1196 2029 1288 2078 otetur
1303 2017 1394 2074 Manioi.

380 2132 409 2170 et
427 2117 499 2168 Dan.
519 2111 609 2167 Heius.
638 2109 682 2166 ed.
692 2155 701 2192 ,Ι
763 2123 799 2180 4ο
816 2111 878 2168 Neo
902 2111 1009 2168 Vmitl·
1036 2127 1064 2168 et
1082 2113 1193 2178 unce
1227 2113 1289 2166 aiter
1307 2124 1330 2162 tt
1347 2124 1396 2160 mox

381 2224 434 2260 που
454 2213 543 2259 vinea
550 2202 583 2276 Ι.
621 2201 724 2274 saltet
744 2203 853 2274 Meuag.

379 2375 464 2422 mate
479 2359 624 2440 poetico:
651 2377 712 2419 nec
728 2377 881 2441 quaeren-
922 2357 1015 2420 cedet
1046 2355 1203 2420 saeculum
1229 2357 1394 2423 Saturnium,

380 2461 438 2524 dur
457 2475 597 2534 euentus,
618 2463 672 2544 qui
685 2459 878 2542 respondeat.
923 2481 1016 2522 aurea
1038 2477 1130 2524 aetas.
1176 2460 1224 2525 Ab
1239 2459 1294 2521 hac
1310 2465 1396 2538 itaque

377 2565 479 2648 Magis
510 2578 616 2646 argute
646 2567 752 2646 itaque
785 2585 879 2648 quam
920 2563 1053 2626 aberunt
1062 2583 1174 2628 omnes
1181 2565 1277 2648 pellet
1290 2575 1319 2622 et
1331 2557 1395 2618 malr

378 2689 452 2730 vere
470 2666 569 2727 adres
584 2670 648 2728 eius
663 2667 876 2740 annueretur,
919 2671 1019 2742 vitae,
1056 2687 1136 2752 quae
1162 2689 1220 2750 per
1239 2663 1395 2748 cupiditates

379 2771 466 2857 quod
486 2767 557 2852 post
576 2765 800 2830 Brundufinam
822 2791 878 2850 pa·
919 2769 1081 2832 hominum
1104 2772 1287 2831 inferuntur.
1327 2763 1395 2823 Con·
1428 2787 1429 2836 3

380 2899 448 2937 cem
469 2871 623 2935 metur‘de
637 2873 722 2933 Sexti
735 2873 878 2953 Pompeii
922 2887 970 2934 tra
999 2877 1139 2934 omnium
1174 2893 1275 2933 rerum
1299 2867 1394 2948 vtique

379 2975 518 3040 claffibur
560 2973 662 3036 adhuc
703 2974 876 3056 supererat,
918 2995 976 3056 per
1010 2990 1162 3036 terremur
1190 2973 1294 3036 orbem
1321 2969 1394 3047 copia

377 3102 473 3166 quem
508 3099 605 3140 annus
632 3077 763 3161 sequens
798 3099 877 3162 pace
919 3082 978 3139 erit
1011 3077 1144 3153 summa,
1184 3078 1287 3138 omnis
1316 3071 1394 3150 serti

376 3183 548 3244 Puteolana
593 3181 744 3241 subletum
789 3183 876 3244 vidit.
920 3184 1032 3242 omnia
1046 3182 1155 3251 tellus,
1173 3195 1206 3242 vt
1217 3179 1394 3260 nauigatione

377 3286 430 3363 54.
452 3285 596 3367 Indulget
611 3282 667 3344 fibi
684 3299 800 3366 poeta,
827 3305 875 3361 ea,
918 3299 1045 3344 externe
1071 3283 1156 3346 bona
1172 3305 1214 3346 ne
1228 3296 1328 3366 petere
1339 3275 1394 3358 qui·

377 3409 460 3470 quae
481 3385 612 3448 heroicis
634 3385 784 3448 aetatibus
803 3407 877 3450 eue-
917 3385 990 3447 dern
1004 3384 1125 3448 neceiie
1140 3385 1185 3448 fit.
1228 3383 1315 3444 Nulla
1328 3378 1393 3438 adeo

375 3487 453 3551 niss'e
474 3504 656 3562 narrantur,
686 3509 876 3552 commemo·
917 3493 976 3550 erit
991 3493 1148 3572 nauigatio
1163 3513 1193 3551 v.
1207 3490 1257 3552 38.
1273 3487 1329 3566 395
1346 3479 1408 3538 erite

376 3592 494 3664 rando;
530 3593 777 3674 Argonautarum
798 3591 876 3653 scili·
917 3609 1026 3654 contra
1057 3593 1182 3676 frugum
1213 3592 1392 3665 omniumque

378 3711 429 3756 cet
447 3697 697 3777 nauigationem,
729 3707 762 3756 et
782 3693 875 3755 Achi-
915 3710 1029 3756 oterra
1042 3695 1231 3757 nascentium
1240 3699 1390 3773 prouentut

374 3817 487 3858 vorum
508 3797 549 3857 nd
561 3797 688 3857 Troiam
703 3797 874 3879 expeditio·
913 3793 979 3859 stne
993 3799 1078 3858 cultu
1098 3806 1140 3878 4ο
1154 3797 1236 3881 sqq„
1264 3807 1337 3876 quae
1356 3777 1391 3844 est

374 3917 460 3960 nem.
528 3901 608 3960 Sunt
656 3919 731 3961 vero
778 3901 873 3982 plane
913 3899 1146 3984 perpetualem
1162 3901 1266 3960 aetatis
1284 3906 1388 3957 aurete»

376 4001 557 4064 adumbrata
579 4024 617 4066 ex
636 3999 796 4064 Hefiodeie
820 3999 873 4068 vss'.
915 4023 952 4064 ex
978 4007 1106 4088 antiquo
1133 4001 1272 4062 sermone
1297 3995 1387 4076 petita·

379 4109 438 4170 161
461 4105 525 4191 sqq.
916 4107 1023 4188 Quid?
1050 4105 1137 4191 quod
1157 4101 1237 4165 adeo
1257 4089 1388 4182 loquendi

417 4211 556 4289 37—45.
578 4205 659 4269 Cum
675 4211 756 4271 virili
773 4225 874 4272 aetate
914 4229 983 4272 mos
1001 4210 1148 4284 inuoluit,
1185 4221 1216 4267 vt
1237 4207 1323 4266 etiam
1340 4213 1388 4277 po·

373 4311 545 4392 perfectum
560 4309 599 4374 ab
614 4317 700 4375 omni
712 4311 876 4396 partesue·
914 4313 991 4394 puH,
1016 4317 1070 4397 qui
1086 4309 1226 4376 iustitiam
1239 4307 1317 4378 colit,
1335 4301 1385 4358 vin
