2942 5067
394 417 464 494 124
601 406 644 478 P.
664 403 917 479 VIRGILII
949 399 1214 520 MAliONlS

389 621 454 672 nn.
474 597 623 696 Incipe,
653 589 809 694 Mopse,
846 594 968 692 prior:
1017 557 1144 690 liqnos
1170 603 1234 661 aut
1251 585 1410 681 Phyllidis

905 795 909 804 .
1078 747 1134 802 es,
1374 745 1410 794 ιο

390 865 467 940 Aut
484 860 635 938 Alconis
654 857 774 935 habes
795 855 944 950 laudes,
981 748 1191 957 αιιῗῃίιιιςίιι
1214 853 1336 930 Codri.

391 1001 540 1097 Incipe;
575 992 758 1096 pascentis
778 989 937 1068 seruabit
953 995 1103 1088 Tityrus
1131 989 1284 1065 haedos.

390 1155 459 1205 ιιο.
480 1134 601 1203 immo
615 1127 727 1220 haec,
753 1131 795 1200 in
808 1125 917 1201 viridi
936 1147 1059 1228 nuper
1080 1149 1183 1226 quae
1202 1119 1410 1226 corticeiagi

393 1267 570 1339 Carmina
591 1258 779 1362 deictipii,
818 1277 857 1334 et
875 1254 1075 1336 modulans
1098 1261 1243 1337 alterna
1261 1261 1387 1348 notati,

391 1401 586 1502 Experiar:
622 1415 665 1470 tu
688 1394 827 1470 deinde
848 1393 979 1469 iubeto
1004 1413 1124 1472 certet
1139 1399 1324 1490 Amyntas.
1372 1389 1409 1466 15

398 1627 402 1633 .
472 1599 501 1634 ιι
522 1594 555 1634 ‘ot
575 1578 652 1634 Leia
672 1578 785 1634 Mertai.
870 1578 901 1634 ιδ
919 1579 1010 1633 immo
1034 1586 1123 1633 etiem
1150 1577 1242 1633 viridi
1261 1575 1355 1632 zulich.
1383 1581 1410 1630 ln

389 1664 484 1720 viridi
504 1685 532 1718 n.
550 1683 623 1737 quoe
641 1673 672 1718 tn
683 1684 715 1719 c.
733 1651 850 1719 Parthas.
886 1663 1009 1718 Hainfiut
1029 1663 1216 1735 adscriptam
1235 1671 1265 1718 tn
1283 1661 1408 1717 viridit-

381 1749 466 1826 fagt.
505 1795 509 1805 .
551 1759 583 1817 14
602 1747 723 1822 ὀψία
748 1747 839 1804 (ioth.⁴
858 1765 899 1820 pr.
920 1767 955 1802 an
982 1747 1147 1820 destrinxi?
1181 1749 1234 1804 sed
1261 1749 1343 1804 vitiant
1364 1743 1407 1806 alli

389 1834 428 1892 fio
444 1835 516 1888 idem
533 1833 590 1888 Ed.
611 1836 657 1898 Vl.
676 1855 707 1890 tn
738 1831 922 1906 praestruit:
963 1831 1173 1909 modulansqite
1195 1837 1303 1888 alterata
1320 1829 1406 1885 zotici.

390 1928 505 1976 notauit
523 1919 616 1973 vitium
637 1918 676 1974 est
698 1919 758 1973 ald.
782 1922 857 1988 1527.
938 1923 970 1975 15
989 1925 1117 1983 tutatos
1134 1937 1168 1975 vt
1190 1935 1274 1974 certet
1288 1922 1322 1974 A.
1340 1917 1405 1970 llam·

391 2004 514 2078 longob.
528 2005 628 2064 Medic.
649 2005 717 2064 Pier.
730 2023 793 2060 cunt
812 2019 925 2076 quatuor
938 2005 1028 2060 Heius.
1050 2021 1077 2061 et
1095 2007 1242 2079 Lengnich.
1288 2003 1406 2060 Oniaiutr

389 2107 482 2146 tamen
500 2089 594 2143 melion
611 2105 653 2144 ot.

390 2242 599 2309 nstinuidiol'o
612 2245 744 2308 dictum:
764 2262 798 2308 vt
810 2268 891 2329 pun·
930 2247 1087 2332 pastorum
1134 2250 1262 2310 nomina
1303 2244 1405 2306 recitari

391 2361 445 2432 gat
479 2345 631 2430 pastorem
664 2349 731 2408 laur
766 2351 889 2424 aemuli,
931 2367 1026 2432 puta;
1056 2369 1119 2432 qua
1143 2351 1183 2412 de
1201 2371 1236 2411 re
1258 2349 1360 2409 dictum
1378 2348 1404 2402 in

391 2469 524 2533 eamque
538 2449 617 2511 adeo
632 2451 685 2511 ille
708 2449 829 2526 eleuet,
856 2467 891 2512 vt
930 2455 1013 2514 Nota
1033 2452 1072 2512 ad
1091 2453 1158 2512 Ecl.
1179 2453 1225 2528 ll,
1251 2453 1297 2531 ²4
1335 2445 1404 2508 Male

391 2553 573 2613 exaudacia
589 2555 709 2632 potius,
730 2571 824 2634 quam
842 2573 890 2612 ar·
931 2553 997 2616 hic'
1016 2567 1069 2614 aut
1102 2554 1218 2639 Phylln
1254 2575 1270 2640 a
1306 2551 1405 2611 Demo·

390 2658 429 2716 tie
446 2653 652 2726 confidentia,
678 2669 796 2714 certare
817 2675 890 2714 aum
930 2655 1073 2740 phoonte
1090 2673 1202 2731 amata,
1228 2671 1279 2716 ant
1292 2653 1402 2722 Codrus,

390 2779 463 2818 cum
503 2753 684 2816 melioribus
730 2751 888 2838 fignificat
930 2759 1122 2822 Athenarum
1144 2780 1214 2831 rex,
1251 2759 1403 2819 nominare·

388 2861 552 2921 Hocaum
565 2854 796 2936 rodomense
809 2857 891 2918 milti
931 2877 991 2922 tur.
1028 2861 1079 2921 De
1092 2847 1199 2923 Codro
1211 2858 1325 2943 pastore
1337 2855 1402 2917 inira

390 2965 606 3045 aequiparat,
627 2979 755 3020 macram
774 2975 890 3031 certet,
931 2983 1059 3048 qaoque
1072 2963 1142 3037 vlt,
1161 2985 1209 3026 aa.
1231 2965 1278 3027 26.
1310 2959 1402 3036 iurgio

391 3063 478 3122 nihil
492 3066 624 3130 mirum,
638 3061 818 3124 cumidem
832 3065 890 3124 illo
931 3063 1050 3140 Codri,
1092 3087 1217 3127 carmen
1248 3063 1400 3146 respiciunt,

379 3162 471 3242 satis
490 3161 748 3239 temeratiusfic,
775 3182 813 3226 ot
834 3167 893 3227 vel
930 3189 994 3251 quo
1016 3172 1125 3228 iteum
1141 3169 1202 3230 alio
1216 3163 1328 3250 pallore
1343 3180 1401 3222 can·

389 3283 466 3323 eum
478 3262 544 3326 diis
556 3265 802 3344 congrediatur.
823 3269 887 3330 Fir·
928 3285 964 3330 tn
984 3270 1197 3332 contenderat.
1238 3269 1282 3330 Ita
1295 3267 1351 3328 Ecl.
1365 3259 1400 3324 ΙΙΙ

389 3385 456 3426 mee
472 3363 533 3427 hoc
549 3387 585 3427 ex
606 3387 635 3426 v.
655 3371 694 3431 15
712 3381 748 3427 tu
765 3367 888 3432 deinde
928 3370 1050 3432 inscribi
1075 3370 1192 3454 pollet:
1233 3374 1328 3456 Iurgia
1349 3369 1400 3428 Dt-

271 3499 278 3508 ·
387 3465 502 3528 iubeto
558 3482 663 3530 certet
711 3470 884 3553 Amyntas.
927 3488 1052 3536 mactae
1074 3491 1106 3536 et
1124 3475 1291 3540 Menalcae.

387 3569 481 3651 Apud
492 3567 695 3631 Theocritum
711 3572 828 3634 dictum
843 3573 886 3638 est
974 3585 1022 3656 14.
1048 3579 1181 3637 alterna
1194 3577 1322 3644 notaui,
1351 3575 1398 3652 pe?

387 3666 452 3734 stne
472 3669 699 3735 obtrectatione
719 3691 753 3737 et
767 3677 884 3740 inuidia
926 3678 1061 3754 alterna,
1106 3683 1278 3744 alternatim
1302 3687 1397 3737 canent

386 3769 475 3847 ma
488 3773 589 3854 φαντί
598 3773 807 3863 νινἨρακλῆὶ·
814 3779 885 3864 βίην
925 3779 1113 3860 versiculum,
1143 3801 1176 3848 et
1194 3781 1320 3846 eundem
1338 3789 1397 3834 mox

387 3867 558 3958 ueletiam
573 3873 698 3977 &pleian
924 3887 1064 3948 incidens
1090 3893 1123 3949 in
1151 3891 1300 3950 corticem.
1346 3867 1396 3937 Eis!

432 3995 480 4038 to.
507 3977 554 4038 Ex
566 3977 700 4043 Theocr.
721 3981 753 4058 t,
781 4001 818 4064 19
841 3981 882 4070 sq.
924 4005 993 4051 non
1011 3990 1089 4052 leuis
1110 4009 1205 4073 opera
1224 3982 1281 4049 elle
1295 3979 1394 4045 debuit,

384 4075 439 4138 Nil
458 4074 516 4138 nili
535 4097 611 4143 nota
632 4084 735 4169 aliqua
757 4083 884 4167 pallori·
925 4105 1025 4153 totutn
1053 4091 1130 4167 hoc,
1171 4087 1256 4175 quod
1280 4085 1394 4166 sequitur

383 4181 499 4241 tiaram
514 4187 683 4247 carminum
701 4205 884 4273 argumenta
925 4213 997 4255 av.
1027 4215 1085 4273 ao,
1129 4210 1251 4256 carmen
1278 4183 1394 4250 incidere

384 4279 461 4346 ltt.
491 4292 658 4351 memorari
686 4305 720 4354 et
747 4292 883 4388 vulgaria
924 4299 1039 4361 cortici.
1095 4300 1142 4365 15.
1166 4295 1237 4360 Vici.
1257 4285 1393 4354 Thaooit·
