2942 5067
285 439 288 454 ’
375 412 476 489 256,
705 406 1006 483 EXCVRSVS
1034 406 1097 478 ΙΙ·

606 597 1059 680 EXCVRSVS
1104 590 1185 676 II*

448 748 514 825 De
537 746 668 821 Silena
696 772 725 817 a
746 746 895 843 Satyris
920 761 959 816 et
978 744 1170 845 Nymphis
1191 744 1325 814 vincto.

465 922 529 983 Ecl.
545 922 589 981 VI
597 963 608 996 ,
628 920 674 983 13.
707 918 856 979 Chromis
870 929 903 976 et
918 917 1086 999 Maafflos
1099 920 1136 976 iu
1153 931 1247 975 antra
1264 912 1383 973 Silenum

377 1028 477 1111 pueri
494 1026 616 1103 somno
639 1018 755 1082 uidere
777 1025 939 1080 iacentem
954 1052 998 1066 ·-
1016 1016 1186 1099 Adgreffi,
1219 1038 1291 1076 nam
1302 1015 1387 1093 saepe

374 1132 484 1210 senex
502 1129 567 1213 spe
590 1126 747 1186 carminis
770 1121 869 1183 ambo
894 1123 1049 1200 Luserat,
1092 1124 1244 1181 iniiciuut
1270 1118 1333 1201 ipsu
1354 1135 1386 1174 es

382 1232 638 1309 viuculafiertis.
680 1211 792 1289 Addit
803 1226 846 1303 se
855 1226 1002 1303 sociam,
1023 1220 1388 1311 tiasidisquestrperuenit

383 1334 512 1414 Aegle,
537 1332 646 1411 Aegle
663 1328 835 1391 Naiadum
850 1330 1064 1412 pulcerrima.

467 1470 548 1531 Cum
562 1482 663 1529 motus
677 1470 790 1537 mentis
805 1469 923 1549 magnis
937 1462 1070 1526 senfibus
1093 1476 1248 1524 contactae
1267 1474 1295 1520 et
1312 1455 1390 1539 phau·

382 1586 513 1635 sarmata
539 1574 634 1631 animi
661 1572 808 1632 concitati
835 1568 875 1630 ab
898 1585 1035 1629 aetatum
1059 1564 1221 1649 priscamnr
1242 1558 1389 1623 hominbus

381 1696 443 1739 nec
460 1674 591 1735 discerni
606 1672 671 1732 satis
688 1676 771 1733 inter
785 1670 817 1733 fe
830 1692 890 1733 nec
908 1672 949 1732 ad
970 1667 1085 1732 causs‘as
1103 1668 1166 1730 suas
1186 1664 1300 1747 pollent
1318 1682 1390 1721 reuo·

382 1781 457 1850 cari,
485 1776 627 1858 adeoque
647 1794 762 1835 neore
784 1794 845 1835 nec
862 1778 992 1836 numine
1013 1776 1135 1834 notari:
1177 1770 1217 1831 ad
1235 1768 1340 1829 inroret
1356 1762 1389 1822 ilii

360 1953 362 1957 ¹
384 1882 532 1943 diuinitus
548 1876 703 1939 mentibus
725 1874 871 1938 immiss'os
884 1878 1022 1937 reuocati
1036 1875 1117 1951 sunt,
1145 1874 1238 1935 modo
1259 1866 1388 1951 religiosos

383 1985 480 2047 modo
496 1980 652 2049 fatidicos3
673 1978 765 2040 iidem
781 1979 936 2041 faciebant
950 1984 1096 2061 opinioni
1114 1958 1228 2041 silures
1245 1978 1391 2035 animorum

385 2103 417 2149 et
430 2088 549 2146 furores
566 2088 600 2143 ln
615 2086 707 2165 orgiis
719 2080 873 2143 Bacchicis
889 2098 921 2143 et
936 2081 1077 2168 Phrygiis
1100 2103 1159 2164 per
1179 2076 1281 2143 choros
1299 2078 1332 2136 ad
1347 2091 1391 2132 nu·

383 2208 487 2249 meros
514 2190 680 2247 concitatos
709 2201 928 2270 tympanorum
952 2201 986 2248 et
1011 2185 1157 2247 tibiarum
1181 2184 1294 2270 moueri
1314 2178 1389 2239 soliti:

385 2292 425 2352 de
447 2284 557 2374 quibus
573 2287 612 2347 ad
627 2288 730 2347 locum
745 2287 904 2350 Strabonis
923 2288 977 2350 lib.
1004 2290 1045 2350 X.
1098 2291 1279 2371 disputatum
1294 2280 1331 2344 est
1343 2283 1391 2342 alio

383 2396 457 2457 loco
488 2392 706 2469 (Commentat.
735 2393 848 2453 Societ.
876 2393 954 2477 Reg.
985 2394 1032 2453 Sc.
1063 2395 1206 2476 Gottiug.
1232 2392 1297 2451 vol.
1316 2385 1393 2463 vrit.)

385 2498 453 2559 Iam
467 2494 544 2557 haec
559 2494 669 2555 eadem
685 2496 830 2555 translata
846 2492 906 2555 effe
921 2497 1076 2568 adverae,
1106 2498 1222 2557 atinde
1242 2494 1277 2553 ad
1294 2505 1390 2573 poetas,

384 2617 419 2663 vt
441 2614 473 2661 et
491 2596 548 2679 ipfi
567 2597 627 2659 deo
649 2598 851 2674 incalescere,
877 2600 998 2670 fluere,
1034 2600 1202 2679 μαίνεσθαι
1227 2609 1390 2681 putarentur,

384 2717 462 2766 nota
481 2722 530 2762 res
552 2696 602 2762 est.

469 2820 555 2881 inter
583 2820 674 2893 deos,
714 2824 770 2903 qui
789 2820 909 2882 vatibus
928 2838 960 2883 et
988 2827 1091 2903 poetis
1112 2825 1230 2885 fflrores
1248 2825 1391 2887 iniicereutr

384 2926 499 3006 Apollo
515 2940 547 2985 at
562 2923 668 2985 Musae
689 2944 762 2985 mox
782 2938 813 2985 et
825 2922 990 3007 Nymphae
1012 2942 1044 2987 et
1065 2928 1117 2988 alii
1141 2928 1199 3001 dii,
1225 2925 1312 2986 habiti
1330 2922 1391 2991 lunt,

385 3042 453 3089 tum
468 3043 500 3088 et
513 3027 671 3097 Bacchus,
694 3030 796 3110 quiet
810 3030 844 3087 in
854 3026 1007 3109 Apollinis
1022 3044 1053 3088 et
1066 3030 1221 3091 Musarum
1235 3028 1392 3091 consortium

385 3148 425 3193 eo
440 3118 569 3191 numine
585 3134 686 3190 venia
721 3132 796 3195 Non
814 3134 926 3189 mirum
946 3133 1052 3214 itaque
1071 3128 1105 3207 sr,
1135 3155 1203 3194 curn
1215 3134 1265 3194 ilie
1283 3132 1392 3192 suosco·

338 3272 347 3292 .
383 3237 475 3293 mites
491 3248 522 3291 et
537 3226 703 3305 θιασώτας,
723 3236 863 3313 inprimis
877 3231 1020 3309 Bacchas,
1040 3237 1210 3297 Maenades
1223 3236 1290 3297 inde
1307 3234 1390 3295 &aaut

385 3334 492 3395 furore
513 3335 674 3415 impleret,
714 3336 854 3396 Silenum
873 3342 918 3397 ita
938 3336 1048 3425 iusisse
1071 3339 1110 3401 ab
1132 3362 1172 3401 eo
1188 3340 1329 3401 redditum
1344 3330 1390 3393 effe

386 3434 522 3515 μυθικῶς
537 3452 700 3497 narrarunt
712 3454 836 3518 poetae,
851 3455 884 3499 vt
895 3454 927 3501 et
937 3445 1164 3519 vaticinaretur,
1177 3445 1389 3507 vultamoneret

387 3540 515 3599 tandem
530 3554 675 3600 olvatum
689 3560 777 3602 more
792 3559 939 3623 cauerets
954 3550 1059 3628 itaque
1076 3569 1115 3609 eo
1131 3548 1293 3609 deuentum
1305 3540 1348 3616 cst,
1366 3553 1391 3598 vt

387 3642 493 3703 Sileno
523 3640 731 3705 tribuerentur
755 3651 907 3723 carmina,
951 3650 1079 3711 tandem
1106 3652 1330 3733 disputationes,
1351 3642 1391 3701 ‘dt

386 3743 478 3805 rebus
492 3741 620 3829 physicis
636 3768 672 3807 ac
688 3747 815 3809 diuinis:
846 3771 886 3812 eo
899 3751 1008 3827 modo,
1031 3756 1086 3835 qui
1105 3752 1254 3837 expofitus
1269 3748 1334 3814 esta
1351 3762 1391 3805 nt

386 3850 421 3908 iu
441 3864 626 3929 argumento
648 3847 738 3911 huius
753 3852 899 3935 Eclogae.

472 3975 552 4035 Cum
567 3976 658 4053 [aurel
676 4000 711 4041 ea
715 4025 726 4059 ‚
758 4002 839 4065 quae
853 3982 894 4043 de
908 3998 982 4044 -vate
1001 3988 1188 4049 vaticinante
1207 3978 1313 4047 nan-afi
1330 3976 1390 4040 solt·

385 4076 472 4152 bant,
494 4080 651 4141 transferri
664 4082 833 4166 coepiileut
847 4086 887 4145 ad
900 4101 1027 4167 poetas:
1054 4090 1160 4151 Sileno
1177 4110 1196 4149 a
1214 4088 1331 4171 Virgilio
1349 4081 1390 4138 Μ’·

384 4180 490 4243 buitur
506 4180 567 4243 hoc
582 4184 720 4270 quoq‘ae,
748 4188 834 4272 quod
854 4194 1088 4253 vaticinantium
1108 4209 1176 4255 erat
1193 4193 1348 4275 proprium.
1364 4190 1390 4238 ii

384 4304 452 4347 nou
465 4282 522 4347 rufi
535 4289 626 4351 inuiti
640 4305 671 4353 et
686 4292 873 4356 reluctantes
886 4289 1185 4379 deum-reciperent:
1212 4315 1281 4359 narn
1291 4289 1389 4350 Silenus
