2942 5067
268 428 349 505 DE
385 426 650 507 CARMINE
679 420 977 504 BVCOLICO
1106 452 1151 523 ις

106 626 194 699 dem
217 642 297 700 rer,
337 608 430 687 cum
466 614 632 716 Virgilii
662 632 701 687 et
730 605 937 689 Theocriti
966 620 1153 690 carmina

103 772 184 827 tam
212 743 366 840 diuersi
393 748 549 844 generis
561 742 666 839 sint,
705 760 795 816 tam
826 742 1154 841 diuersis'docto·

100 908 185 959 rum
222 878 444 949 leo'minum
482 874 534 945 de
565 872 681 945 leuius
717 878 874 975 generis
916 889 1071 946 natum
1111 889 1151 946 oe

97 1028 182 1085 orte
210 1006 383 1079 iudiciis
413 1001 549 1073 locum
569 1000 697 1097 fecit;
736 1024 830 1073 cum
857 1019 932 1074 aut
955 1020 1151 1075 naturum

101 1120 270 1211 bucolici
299 1133 496 1204 carminis
521 1154 573 1201 eu
600 1127 678 1201 illis
700 1130 889 1230 exemplis
914 1128 1150 1227 constituere
1257 1155 1261 1169 ·

98 1284 162 1342 out
187 1266 252 1336 ad
278 1262 497 1333 notionem
524 1285 547 1329 e
574 1272 724 1329 natura
749 1263 810 1333 rei
837 1254 1060 1355 institutum
1088 1284 1148 1332 re·

97 1390 351 1471 monteillo
378 1384 566 1485 exemplu
592 1384 753 1459 vellent.
812 1385 970 1459 Scilicet
1001 1393 1064 1461 vti
1095 1413 1146 1462 oa

7 1598 8 1609 ,
95 1530 198 1601 notio
228 1536 350 1591 recte
386 1542 454 1597 eo,
491 1538 610 1613 quem
632 1511 798 1614 sequuti
820 1514 984 1610 sumus,
1020 1516 1145 1587 modo

95 1650 311 1751 informari
332 1646 470 1719 videri
489 1636 631 1741 potest,
666 1646 728 1713 ita
755 1641 1054 1743 ingeniosorum
1074 1645 1145 1716 lio·

94 1790 242 1857 minum
270 1773 492 1874 sollercia,
536 1796 642 1870 quac
669 1742 781 1841 intro
812 1774 912 1845 artis
939 1800 992 1845 uc
1025 1799 1144 1873 prae.

93 1931 298 2013 ceptorum
332 1894 542 2001 angustias
572 1902 659 1973 vin
680 1903 855 1972 coerceri
880 1897 1029 1998 potest,
1072 1880 1147 1975 alic

88 2064 222 2145 genera
249 2032 437 2108 inuenit,
471 2052 577 2125 quac
603 2044 700 2099 cum'
724 2027 796 2101 illo
826 2029 1043 2099 coniuncto
1071 2050 1146 2098 nec

85 2192 219 2244 remen
238 2162 377 2266 plane
400 2155 577 2227 eiusdem
597 2157 713 2228 modi
726 2153 839 2251 sunt.
890 2156 948 2227 Et
967 2152 1143 2253 Virgilius

86 2301 271 2399 quidem,
310 2310 414 2359 nam
438 2284 627 2355 adhunc
649 2287 777 2355 omnis
799 2276 937 2379 nostro
956 2280 1145 2381 spectare

87 2424 198 2501 deber
231 2417 485 2517 disputacio,
529 2430 676 2485 nouum
710 2437 827 2513 genus
865 2407 1066 2509 constituit
1100 2412 1144 2481 in

85 2580 143 2631 eo,
165 2567 209 2623 vt
232 2560 438 2619 nontam
465 2545 646 2613 notiones
679 2558 718 2612 et
744 2540 897 2643 species
933 2564 1067 2613 rerum
1090 2562 1143 2607 esc

85 2704 212 2752 aurea
233 2688 382 2747 aetate
400 2684 604 2770 repeteret,
623 2667 706 2768 sed
726 2669 842 2771 ipsam
868 2690 1019 2767 auream
1042 2680 1144 2737 acta·
1190 2704 1195 2709 -

82 2826 159 2882 tem
184 2798 510 2905 repraesentaret,
549 2798 748 2881 homines,
789 2798 884 2871 deos
916 2812 957 2867 et
991 2794 1141 2869 heroes,

83 2940 150 3037 qui
169 2939 217 3007 in
243 2956 307 3004 ori·
326 2922 533 3026 uimffent,
576 2924 799 3005 exhiberet,
838 2928 965 3025 iisque
982 2920 1144 3019 senten·

82 3070 159 3138 tius
188 3069 245 3135 uc
279 3081 414 3131 mores
443 3078 639 3156 congruos
670 3050 872 3128 tribueret.
940 3048 993 3123 Id
1018 3070 1144 3148 gemis

83 3196 272 3267 inuenire
298 3185 401 3257 milui
419 3185 575 3263 uideor,
589 3180 629 3279 fi
649 3180 839 3262 Silenum,
863 3177 1049 3280 eclogam
1068 3172 1140 3252 VJ,

83 3342 122 3395 ct
148 3318 412 3395 Pollionem,
450 3310 634 3413 eclogam
658 3312 686 3385 Ι
687 3310 739 3391 V,
775 3309 952 3411 inspicio.
1005 3304 1063 3377 Er
1088 3300 1142 3374 de

84 3452 156 3524 illo
177 3446 355 3551 quidem
377 3467 438 3515 res
457 3434 694 3535 monifestu;
726 3438 780 3510 de
801 3438 879 3509 leoc
901 3460 986 3508 non
1011 3434 1141 3531 magis

80 3576 231 3656 dubia,
251 3571 295 3671 fi
310 3568 561 3669 facultatem
583 3566 702 3641 illum
718 3564 976 3641 vaticinandi
993 3578 1033 3633 et
1042 3586 1141 3661 poe·

74 3703 141 3803 sm
173 3700 329 3804 afflatis
355 3699 434 3771 illis
461 3700 602 3771 diuino
624 3692 777 3795 spiritu
801 3686 1026 3766 hominibus
1045 3712 1141 3791 pro-

83 3838 224 3935 priam
256 3831 318 3904 ad
350 3832 536 3927 antiquos
570 3824 749 3895 homines
775 3825 973 3923 pertinere
1005 3820 1141 3889 memi·
1210 3816 1215 3827 ’

90 3966 207 4035 neris.
258 3959 381 4061 Quod
398 3954 563 4057 quidem
583 3978 675 4024 cum
693 3941 1026 4049 nouoffet'Moro,
1049 3972 1143 4019 con·
1218 3920 1225 3939 ⁶

86 4088 277 4191 sequutus
298 4082 354 4187 cst
366 4082 495 4184 fimul
512 4084 610 4161 hoo,
648 4096 696 4153 vt
723 4082 835 4181 epico
857 4081 1029 4158 carmini
1047 4100 1142 4177 pro·

104 4305 152 4359 tot
193 4308 286 4371 „Seue
304 4302 344 4360 ost
364 4300 516 4365 sciendum,
548 4300 602 4355 vn
627 4294 804 4367 ‚Theocritus
827 4294 854 4349 Χ
871 4294 985 4353 Ιιώοῑ.“
1022 4278 1144 4351 Exclusit

110 4392 203 4467 aloga
216 4392 266 4453 effe
278 4410 368 4450 meru
383 4388 509 4456 rustica,
536 4404 602 4462 qun
642 4388 716 4460 puto'
723 4386 772 4441 lv.
788 4384 835 4441 vl.
848 4382 884 4439 X.
