2942 5067
315 383 391 470 546
549 386 593 459 Ρ.
613 387 863 462 VIRGILII
892 323 1169 465 MARONIS¹

319 571 577 662 Addelubra,
594 580 716 668 iuuat,
762 573 964 676 caesosque
985 575 1113 648 videre
1139 579 1351 668 iuuencor;

323 707 396 785 vel
419 706 526 783 scena
544 727 584 780 vt
603 709 712 784 verfis
735 707 904 784 discedat
928 707 1132 798 frontibus,
1174 725 1294 809 rtque

323 843 519 942 Purpurea
539 844 671 920 intexti
685 837 825 927 ,tollant
855 842 986 916 aulaea
1016 845 1191 916 Britanni.
1322 845 1379 919 25

323 979 370 1048 In
387 973 530 1048 foribus
550 979 713 1077 pignam
743 1005 790 1053 ex
819 1001 910 1050 auro
939 975 1135 1079 solidoque
1165 975 1379 1076 elephanto

257 1105 261 1112 ’
330 1108 586 1233 Gangaridum
606 1113 759 1202 faciam,
797 1116 1024 1212 victorisque
1046 1136 1149 1183 arma
1164 1115 1317 1206 Quirini
1324 1143 1338 1203 ς

396 1304 431 1360 ²4
451 1311 537 1366 atque
553 1281 664 1366 'rigent
681 1296 749 1358 Ed„
777 1294 1015 1351 notenteReitkio.
1091 1295 1127 1348 25
1144 1295 1378 1368 tollentMenng.

328 1377 373 1432 uit.
410 1387 522 1432 intexta
540 1379 647 1449 Menrg.
662 1400 701 1452 pr.
771 1401 804 1450 27
821 1379 1016 1450 Gargaridum
1027 1379 1170 1439 Ronend„
1202 1379 1245 1432 sed
1260 1381 1380 1436 Graecis

217 1535 220 1540 Ι
326 1470 497 1533 Γανδαρίδαι.
522 1463 595 1536 quod
611 1465 654 1518 atii
676 1463 771 1520 ssexiffe
790 1465 925 1527 ridentur,
961 1463 1025 1516 dum
1048 1464 1173 1536 thngr
1192 1465 1304 1518 ductum
1325 1485 1381 1540 pu·
1444 1535 1450 1543 .

326 1549 435 1602 tabent:
465 1547 573 1604 Salmas.
596 1549 631 1602 ad
648 1549 732 1604 Solin.
756 1571 783 1624 p.
801 1554 861 1624 698.
908 1557 1030 1604 victoris
1050 1563 1078 1602 et
1098 1567 1179 1602 arma
1198 1550 1318 1604 Parrbrs.

329 1705 427 1788 pellat
434 1749 444 1778 ,
467 1727 548 1788 qnae
565 1720 598 1766 et
617 1707 696 1767 Aen.
709 1707 750 1781 V,
767 1714 831 1786 774
873 1727 938 1774 rra,
977 1719 1085 1786 vtpote
1110 1703 1274 1782 versatilis,
1315 1712 1379 1768 dr·

330 1824 365 1870 et
380 1811 445 1872 556
471 1809 566 1886 tonsa
581 1829 709 1867 corona
724 1830 831 1868 occur·
873 1811 1053 1894 oumagitur.
1126 1807 1240 1869 velam
1268 1826 1380 1871 eutem

329 1915 389 1984 rit,
422 1911 573 1972 attonsum
589 1911 683 1992 vulgo
700 1907 761 1972 effe
778 1933 832 1972 vo-
872 1909 936 1972 siue
950 1911 1122 1982 aulaeum,
1145 1911 1379 1990 prodeuntibus

331 2013 419 2086 lunt,
445 2029 572 2075 ornatur
588 2010 705 2084 ceufftt;
725 2011 831 2072 malim
873 2016 996 2072 iamiam
1020 2011 1190 2084 actoribus,
1222 2033 1307 2089 nou,
1342 2031 1378 2075 rt

331 2115 438 2175 dicere
458 2112 650 2195 (impliciter,
685 2119 758 2198 quin
777 2114 832 2174 de·
872 2134 973 2185 nunc,
1002 2111 1178 2186 demissum,
1206 2113 1259 2176 sed
1278 2121 1312 2176 in
1329 2117 1377 2176 rl·

332 2231 459 2296 cerptae
478 2215 547 2276 snut
568 2217 695 2278 frondes
718 2239 756 2276 ex
784 2237 832 2276 er·
873 2230 941 2276 tum
961 2215 1110 2276 subletum
1130 2211 1234 2287 frisse,
1277 2217 1377 2278 adeo-

329 2315 420 2378 bore.
462 2319 574 2402 Neque
593 2319 677 2378 eliud
701 2314 744 2378 est
765 2319 831 2379 Ho-
873 2340 934 2402 que
953 2323 1083 2379 intextae
1104 2317 1156 2378 seu
1176 2323 1275 2398 pictas
1295 2301 1376 2380 irua-

331 2422 486 2478 retienum
509 2421 603 2480 iilud:
639 2418 830 2502 decerptam
872 2425 978 2506 giner,
1001 2419 1032 2480 b.
1049 2421 1070 2480 l.
1089 2419 1271 2496 Britannos,
1297 2443 1377 2504 pm-

325 2521 444 2602 fronti
465 2541 674 2604 praeponere
695 2523 828 2582 oliuam.
872 2543 945 2584 cero
969 2543 1119 2604 corpore,
1157 2539 1189 2584 et
1218 2523 1300 2586 forte
1329 2545 1374 2586 eo

330 2623 378 2684 Ex
399 2623 503 2684 edicto
525 2639 630 2685 temen
647 2640 703 2685 aut
716 2624 770 2685 sub
786 2625 830 2685 fe·
872 2623 980 2686 habitu
1002 2631 1112 2706 pictos,
1135 2640 1293 2708 tamquam
1315 2631 1374 2711 qui

331 2726 420 2786 rulee
459 2729 551 2787 minio
588 2727 712 2790 edicere
744 2731 830 2812 quic·
871 2727 928 2809 ipit
949 2729 1015 2790 velt
1037 2729 1200 2800 tollerent,
1230 2726 1316 2812 quoii
1332 2747 1375 2790 ex

331 2847 427 2912 quent
441 2828 549 2888 nolim.
872 2845 953 2891 terre
974 2829 1095 2914 surgere
1116 2829 1191 2890 viset
1212 2827 1273 2890 ess'e
1281 2873 1293 2903 ,
1320 2837 1374 2892 vix

397 2951 448 2990 22.
483 2933 556 2990 Iam
591 2950 680 2990 nuno
695 2926 829 2998 ἰἰιιιιιι,Ι
873 2953 951 3014 opus
968 2929 1011 2992 est
1025 2932 1127 2992 multis
1142 2933 1263 2994 docere.
1308 2935 1373 2994 Lo-

246 3042 250 3055 '
331 3044 490 3114 tamquam
511 3048 624 3113 poete,
657 3033 707 3105 id,
744 3032 830 3116 quod
873 3055 925 3096 cur
947 3031 1081 3096 clefficnr
1104 3035 1198 3112 Ouid.
1220 3037 1301 3096 Met.
1316 3037 1372 3106 111,

333 3133 437 3194 facere
478 3131 566 3216 gestit
607 3138 742 3208 unimur,
790 3134 831 3195 ad
878 3155 1053 3217 ιιι-114.
1097 3137 1309 3198 Hurdiurl.c.
1330 3139 1374 3201 de

330 3234 477 3316 praesent
526 3251 646 3318 tempus
689 3251 848 3312 reuocet,·
874 3241 984 3302 eulaeo
1007 3239 1126 3302 delubri
1145 3240 1329 3322 recipiebat.

331 3333 418 3418 quafi
453 3351 589 3397 actutum
619 3343 653 3398 in
675 3361 715 3400 eo
741 3360 831 3401 occu.
932 3345 1082 3406 26-50.
1117 3343 1166 3403 Ad
1249 3358 1375 3404 emente

331 3435 491 3517 patnnfit.
555 3441 689 3521 Rapitur
711 3420 830 3505 enimus
872 3445 982 3526 templi
1008 3449 1042 3504 in
1060 3441 1187 3529 Augusti
1237 3465 1372 3508 onorem

209 3546 213 3558 ⁴
332 3534 472 3600 aestuans
485 3544 520 3600 ln
533 3544 650 3604 medior
664 3566 712 3606 rer
719 3589 730 3618 ‚
753 3561 831 3606 tan·
872 3546 1028 3608 condendi
1042 3551 1167 3608 transit:
1193 3547 1373 3631 anaglypha

331 3659 426 3722 quam
444 3639 467 3699 st
487 3661 592 3703 corum
611 3661 766 3727 gerantur.
871 3651 906 3709 in
924 3648 1066 3722 forthae*
1103 3649 1185 3712 conf.
1211 3649 1289 3710 Aen.
1316 3651 1371 3725 v1,

377 3749 428 3818 24.
451 3745 501 3804 25.
540 3745 664 3820 Priore,
692 3748 732 3806 ad
750 3747 830 3808 sucre
873 3771 914 3812 20
930 3750 1011 3833 sqq„
1041 3750 1099 3829 (de
1119 3751 1283 3813 usuum
1299 3752 1371 3814 XV.

330 3843 541 3923 pertinebant,
569 3847 727 3931 inquibus
740 3870 831 3930 pom·
873 3853 913 3914 ed
927 3853 978 3918 lib.
993 3853 1017 3916 I.
1032 3855 1124 3934 Aen.)
1145 3868 1177 3915 et
1191 3855 1320 3936 quidem
1335 3875 1373 3914 ex

332 3964 387 4026 pu¹
404 3933 444 4004 ud
469 3949 619 4029 templum
648 3951 758 4028 dude,
797 3969 830 4015 et
872 3954 968 4017 ebore
990 3971 1024 4016 et
1044 3976 1147 4017 eurot·
1173 3971 1207 4016 vt
1230 3975 1279 4038 up.
1304 3957 1371 4016 Gir.

332 4049 457 4108 victima
480 4049 580 4126 creso,
620 4050 697 4115 brec
715 4058 829 4117 iterum
870 4059 960 4120 Verr.
980 4057 1042 4132 IV,
1065 4058 1122 4126 56:
1172 4071 1238 4118 tum
1267 4079 1297 4118 v.
1327 4061 1370 4137 54

333 4147 374 4210 ud
392 4150 499 4225 ludos,
535 4155 617 4217 inter
636 4177 716 4240 quot
736 4163 829 4220 etiem
870 4157 954 4244 figur
980 4179 1016 4220 rc
1036 4157 1155 4220 [irruat.
1214 4160 1371 4240 pugnam

320 4251 475 4329 scenicos
495 4254 631 4326 editurur
649 4255 703 4322 est
756 4263 829 4323 Soe-
873 4261 1147 4343 Gangaridarum
1195 4261 1369 4342 (Indorum
