2942 5067
352 375 428 455 252
696 380 1061 466 PROOEMIVM

351 582 472 641 aocet
494 580 569 640 aut
591 567 730 645 atilius
754 570 866 673 absa.
918 581 1006 653 Nec
1035 582 1158 655 modo
1181 580 1368 669 valorum

354 692 506 767 dilectu
536 709 576 763 et
603 698 814 779 iunctura,
862 726 1005 776 verum
1031 712 1155 780 etiam
1176 690 1369 808 sententia·

244 814 250 825 '
352 842 445 891 ram
472 822 670 899 vernale,
718 821 871 897 lumine
901 854 954 900 oc
984 835 1166 905 naturali
1193 835 1369 934 facilique

353 958 394 1014 et
414 956 511 1042 apto
530 965 660 1023 neca,
704 948 860 1047 ingenii
881 958 1057 1056 artisque
1078 956 1231 1063 insigms
1252 958 1371 1059 aliqua

265 1068 274 1095 “
343 1064 550 1164 felicitas,
604 1093 712 1167 quae
736 1075 782 1141 in
809 1071 984 1176 Virgilio
1009 1100 1120 1163 erat,
1166 1082 1304 1187 effecit,
1334 1095 1371 1153 nt

352 1186 437 1261 leni
462 1212 513 1260 ac
531 1186 660 1285 facili
680 1193 795 1291 cursu
817 1206 957 1274 omnia
979 1198 1172 1301 desistant.
1236 1205 1372 1283 Habent

350 1340 478 1419 porro
514 1308 631 1388 decus
657 1332 697 1389 et
725 1320 914 1396 excultam
944 1328 1130 1430 aliquam
1164 1332 1371 1434 elegantiam,

353 1442 416 1510 arti
451 1436 791 1540 Quinctilianusy
823 1440 932 1542 istud
953 1450 1121 1529 facetum
1148 1460 1301 1533 Horatii
1325 1459 1372 1526 in·

355 1576 599 1663 terpretatur
604 1590 620 1649 ;
678 1588 770 1637 cam
793 1567 955 1665 scilicet
978 1580 1022 1649 in
1049 1600 1280 1684 argumento
1302 1598 1373 1652 tarn

354 1690 467 1759 tenui
495 1702 534 1757 et
554 1682 719 1795 humili,
766 1698 881 1792 quod
910 1704 970 1773 ad
994 1701 1186 1801 rusticam
1207 1706 1373 1779 orationis

354 1809 615 1909 asperitatem
635 1828 845 1916 tantopere
864 1848 948 1895 non
971 1828 1096 1901 modo
1112 1830 1289 1932 patebat,
1308 1824 1375 1926 sed

354 1950 396 2009 et
423 1932 660 2029 deflectebat
682 1954 721 2011 et
744 1942 990 2031 inclinabat,
1029 1962 1170 2029 omnia
1185 1955 1263 2055 fiat
1274 1954 1372 2053 scita

250 2122 254 2135 .
355 2054 531 2155 honeste,
578 2076 618 2133 et
646 2060 866 2160 liberaliter
894 2089 1098 2161 tractata,¹
1141 2098 1189 2153 vt
1209 2079 1372 2183 politam,

356 2181 542 2282 elegans,
584 2200 624 2257 ct
646 2184 849 2263 vrbanam
875 2198 1084 2298 ingenium
1110 2204 1251 2307 abique
1263 2200 1374 2303 facile

355 2304 565 2405 agnoscas.
631 2308 705 2383 Aa
728 2314 959 2393 iuncturam
983 2327 1091 2400 adeo
1113 2328 1311 2402 verboram
1331 2322 1374 2396 le·

354 2453 449 2501 nem
468 2453 519 2501 ac
539 2428 704 2505 mollem
727 2452 767 2507 et
787 2464 1049 2521 numerorum
1072 2456 1299 2555 artificium,
1326 2466 1374 2521 to·

356 2566 528 2651 tumque
557 2561 747 2633 carminis
774 2566 965 2651 nitorem,
1016 2591 1057 2648 et
1086 2581 1146 2651 ad
1171 2574 1374 2679 culnffimae

356 2678 556 2755 orationis
574 2688 863 2761 verecundiam
895 2711 936 2766 ct
961 2698 1209 2798 venustatem
1229 2702 1372 2801 referen-

311 2872 316 2884 Χ
356 2798 459 2873 dum
482 2799 596 2876 nobis
618 2803 694 2905 effe
718 2811 882 2927 videtur
912 2819 1091 2925 elogium
1120 2828 1241 2909 illud,
1282 2820 1374 2928 quot

284 2994 291 3009 ,
355 2939 447 2995 tom
472 2931 617 3009 variis,
651 2936 811 3007 incertis
826 2940 955 3044 saepe
975 2966 1015 3019 et
1036 2949 1226 3051 obscura,
1265 2950 1372 3025 modis

355 3070 385 3155 a
408 3052 506 3137 viris
526 3051 655 3129 doctis
674 3057 878 3157 versatam
900 3064 973 3164 effe
996 3078 1151 3152 videas.
1207 3070 1373 3179 Magmfi‘

357 3194 452 3243 cam
487 3191 626 3247 antem
658 3198 699 3251 et
723 3186 986 3282 praeclaram
1019 3194 1093 3297 effe
1119 3202 1234 3275 illam
1261 3198 1371 3299 Virgi·

353 3290 460 3365 liani
484 3305 678 3375 carminis
708 3312 1082 3407 praedicationem,
1125 3334 1211 3428 qais
1236 3354 1309 3400 aon
1323 3322 1372 3393 tri·

355 3418 458 3490 det?
522 3418 595 3518 Est
612 3424 774 3521 scilicet
795 3432 964 3531 samma
994 3444 1104 3531 laus,
1151 3430 1253 3552 qnae
1271 3454 1311 3521 in
1334 3440 1373 3515 il

352 3545 541 3615 carminis
558 3572 684 3647 genas
708 3556 855 3631 cadere
870 3564 1009 3666 poffit,
1033 3578 1147 3673 quod
1169 3576 1371 3650 didacticum

350 3660 559 3763 appellare
573 3671 765 3769 solemus.
821 3686 923 3760 Cam
944 3675 1052 3767 enim
1074 3704 1158 3773 eins
1180 3696 1371 3773 naturaie

349 3812 397 3859 eo
416 3786 549 3889 posita
565 3792 641 3891 fit,
673 3818 719 3873 at
742 3798 820 3881 fiue
838 3819 947 3889 notio
969 3817 1113 3923 aliqua,
1151 3822 1226 3901 fiue
1248 3822 1370 3897 senten·
1425 3811 1426 3814 ’

348 3912 417 4001 tin,
451 3908 529 3989 fiue
551 3912 832 4026 sententiarum,
873 3936 1050 4045 adeoque
1077 3953 1191 4023 etiam
1212 3964 1369 4050 praecep

346 4050 473 4109 torum
495 4036 544 4115 de
568 4064 808 4162 quacumque
829 4057 908 4141 fiuo
930 4064 1081 4150 scientia
1100 4068 1179 4153 flue
1197 4092 1288 4164 arte,
1311 4064 1370 4141 ΑΒ(

376 4236 400 4302 “)
417 4236 479 4299 lust·
497 4242 541 4310 rt,
557 4244 583 4310 3,
595 4264 638 4304 aa.
