2942 5067
337 361 388 434 86
544 357 588 430 P.
614 353 864 430 VIRGILII
894 349 1156 426 MARONIS

337 542 524 635 Pierides,
555 541 708 654 vitulam
727 540 862 616 lectori
883 539 1022 642 pascite
1044 535 1175 612 vestro.
1334 537 1391 612 85

340 709 383 756 u.
407 678 531 754 Pollio
563 694 603 751 ct
636 673 717 776 'ipse
748 673 842 750 facit
877 701 981 750 noua
1014 677 1197 750 carmina:
1244 669 1396 772 pascite

964 830 1126 901 taurum,

346 953 426 1024 Iam
452 969 573 1022 cornu
601 959 723 1045 petat,
768 943 991 1048 etpedibus
1032 951 1100 1046 qui
1134 941 1276 1046 spargat
1306 961 1398 1014 are·

469 1063 472 1070 '
975 1107 1076 1154 nam.

346 1243 384 1296 o.
405 1219 485 1314 Qui
503 1231 560 1308 tc,
581 1209 726 1305 Pollio,
753 1231 872 1308 amat,
898 1220 1041 1308 veniat,
1070 1237 1147 1318 quo
1170 1229 1210 1288 te
1234 1235 1400 1314 quoque

973 1349 1126 1452 gaudet.

418 1559 453 1628 87
471 1557 546 1612 idam
570 1555 655 1612 verim
683 1561 749 1614 Aea.
775 1559 824 1623 tx,
845 1561 913 1634 629,
944 1578 972 1616 at
991 1561 1050 1616 iana
1071 1560 1146 1634 epico
1172 1573 1253 1634 pocta
1279 1557 1400 1628 dignior.

354 1647 412 1717 Qut
444 1663 467 1696 c.
495 1642 613 1697 Parthas·
678 1650 734 1725 (iul
764 1655 824 1700 iam
850 1663 1017 1719 cornupetae
1043 1647 1110 1700 Vea.
1169 1665 1285 1739 cornttgt
1311 1645 1400 1698 Rom·

354 1733 389 1786 88
407 1739 457 1800 qut
476 1746 504 1782 to
523 1748 638 1802 quoque
657 1731 699 1784 ed.
719 1733 789 1786 Vea.
812 1749 839 1790 et
857 1733 972 1821 Medtgt.
1029 1752 1084 1806 quo
1107 1748 1135 1788 ta
1161 1752 1273 1806 quoquo
1295 1730 1402 1786 laudet

355 1816 426 1870 coni.
446 1817 537 1869 Burm.
572 1819 607 1870 At
627 1834 650 1870 v.
669 1817 737 1872 Not.

356 2017 516 2084 tamquam
532 2002 656 2080 apicus,
685 2017 781 2082 poeta
801 2005 859 2063 im·
900 2005 953 2070 86.
975 2022 1067 2066 nouo
1080 2001 1241 2074 carmina,
1264 1995 1403 2080 aprae-

356 2104 465 2186 molet,
478 2102 512 2162 id
525 2107 614 2162 nimis
629 2103 859 2166 doctumadeo-
901 2107 991 2182 clara,
1018 2107 1121 2190 qualia
1142 2123 1302 2187 nunquam
1326 2117 1408 2162 ante

357 2227 421 2292 que
436 2205 535 2266 multo
550 2209 647 2286 magis
662 2205 804 2266 vitiosum
824 2210 860 2268 in
901 2209 992 2286 iacta,
1012 2225 1045 2271 vt
1058 2211 1166 2269 Horat
1182 2207 1243 2267 Od.
1257 2205 1282 2278 Ι,
1296 2207 1348 2278 26,
1361 2225 1405 2264 ιο

356 2309 415 2368 tali
436 2309 588 2374 carmiae3
615 2327 803 2391 qumquam
826 2313 861 2370 ia
894 2309 984 2394 fides
1002 2329 1108 2371 nouas
1122 2309 1207 2370 dixit.
1250 2307 1406 2368 Pollionis

360 2407 489 2472 timitem
529 2406 660 2471 modum
701 2427 862 2494 argutatur
904 2430 1009 2474 autem
1044 2412 1169 2473 laudem
1204 2430 1242 2472 ex
1280 2411 1407 2490 tragicis

359 2510 465 2574 Schol.
492 2509 614 2571 Horatii
644 2511 685 2572 ad
711 2511 805 2594 Epist.
827 2515 861 2589 1,
902 2513 1007 2580 studiis
1044 2531 1184 2576 tenemus
1221 2491 1261 2572 eti
1291 2511 1407 2571 Horat.

361 2617 394 2692 3,
411 2616 463 2678 56.
506 2613 603 2695 Quod
615 2634 690 2675 vcro
706 2617 861 2678 lectorem
906 2619 1007 2679 Cum.
1024 2617 1065 2692 Π,
1085 2638 1111 2692 ι,
1134 2635 1164 2696 9.
1189 2633 1236 2674 10.
1258 2612 1357 2672 Serra.
1376 2611 1407 2686 1,

363 2722 534 2780 carminum
544 2722 741 2794 memorauit,
751 2740 864 2801 parum
910 2743 959 2796 10,
971 2729 1013 2800 42
1041 2720 1149 2780 Pollio
1170 2737 1286 2796 regum
1299 2714 1410 2796 sacta

361 2819 436 2882 scita
457 2815 560 2880 iecisse
585 2834 617 2879 ct
644 2819 810 2902 personam
831 2828 865 2884 ia
906 2827 999 2884 canit
1009 2821 1097 2906 pade
1110 2837 1162 2880 ter
1175 2817 1345 2897 percuffo,
1373 2817 1408 2878 h.

363 2921 426 2986 hoc
446 2919 576 3004 pastoria
596 2923 677 2985 male
698 2923 865 2987 sustinuilie
887 2925 1080 3010 'tragoedias
1094 2920 1342 2986 scribitsenariia.

363 3026 463 3088 videri
492 3022 587 3086 debet
613 3027 723 3098 Maro;
760 3025 866 3090 Pastor
1146 3033 1149 3044 '

365 3133 448 3190 canit
463 3132 598 3207 carmina
614 3143 647 3193 et
661 3130 785 3191 auditur
801 3135 866 3193 eiua
950 3129 1003 3194 88.
1022 3129 1157 3196 veniat,
1185 3143 1250 3209 quo
1270 3136 1305 3182 to
1325 3143 1411 3205 quo·

366 3246 490 3291 cantus:
515 3250 584 3291 noa
596 3252 671 3293 vero
685 3231 788 3293 scribit
802 3255 867 3297 car·
909 3251 973 3316 que
985 3229 1120 3310 gaudet.
1159 3227 1254 3310 Quod
1269 3229 1412 3309 primum

363 3335 450 3393 mina
471 3346 504 3393 ct
524 3333 645 3416 legitur.
701 3335 787 3397 Fem'
808 3357 867 3418 po-
909 3339 1057 3409 occurrit,
1096 3329 1156 3406 est,
1194 3345 1227 3391 vt
1252 3329 1409 3412 suppleas,

365 3449 446 3494 terat
473 3433 538 3494 aa.
561 3434 622 3510 VI,
648 3457 685 3496 aa
714 3440 749 3498 in
776 3459 866 3519 prae·
903 3435 1109 3520 peruentffe:
1137 3448 1231 3517 vtqua
1252 3433 1292 3493 ad
1310 3432 1413 3492 felici-

324 3592 327 3596 s
364 3537 483 3597 tatione
503 3531 594 3618 ipfiut
614 3551 739 3618 poetae.
782 3539 865 3602 Alias
908 3554 1004 3601 tatem
1021 3536 1288 3602 omninoreferas.
1311 3553 1412 3614 quam

363 3635 473 3700 Pastor
490 3643 525 3700 in
548 3645 663 3701 cortice
682 3641 745 3724 fagi
764 3643 864 3703 versus
909 3658 1092 3725 apprecatur
1118 3645 1162 3715 ei,
1196 3642 1249 3722 qui
1270 3635 1412 3698 Pollioni

364 3739 493 3821 incidit3
539 3758 625 3804 recta
650 3742 714 3805 Ecl.
738 3744 783 3820 V,
816 3747 863 3809 15.
906 3745 1020 3808 faueat.
1064 3745 1143 3806 Cum
1164 3763 1227 3827 quo
1258 3741 1412 3801 conuenit

364 3843 469 3905 Multo
495 3848 596 3904 minus
632 3862 771 3908 comtum
805 3845 864 3923 est,
906 3871 935 3912 v.
950 3854 1001 3932 89,
1024 3855 1058 3910 in
1071 3867 1136 3934 quo
1150 3847 1230 3907 adeo
1245 3847 1330 3903 aurei
1345 3841 1411 3903 sae.

366 3945 455 4028 quod
492 3946 668 4009 Pollionem
709 3950 865 4012 lectorem
909 3953 969 4013 culi
996 3953 1127 4016 felicitas
1152 3948 1349 4032 exprimitur:
1376 3965 1412 4004 v·

238 4128 243 4136 ,
366 4045 539 4108 Pie'idum
572 4050 664 4125 facit;
716 4055 809 4114 etiam
844 4050 867 4120 st
908 4055 1205 4131 Ecl.1v,30.25.
1249 4051 1282 4110 st
1303 4065 1411 4112 tamen

367 4146 501 4212 statuero
539 4153 664 4228 malim,
710 4155 865 4217 lectorem
908 4161 1069 4224 Menalcae
1105 4156 1200 4222 verba
1228 4173 1407 4236 compares,

369 4248 430 4314 effa
444 4251 474 4314 h.
488 4251 509 4316 l.
524 4259 579 4341 qui
595 4261 731 4322 cumina
748 4263 866 4323 recitat.
909 4277 951 4341 ct,
973 4285 1066 4348 qucru
1082 4255 1223 4347 expreffit
1237 4259 1340 4330 Maro,
1360 4255 1410 4316 1⁰·
