2942 5067
338 372 391 433 tv
654 342 1080 440 PRAEFATIO·

336 540 526 633 LXXJX
580 536 738 633 excusa
781 537 885 635 esset
896 607 911 659 ,
975 492 1147 636 ‘iterum
1189 572 1384 671 operam

228 766 231 773 -
288 788 294 801 ‚
335 734 489 798 meam
527 707 570 797 ei
596 704 892 801 commodaui
925 710 975 801 in
1009 708 1211 803 editione
1238 706 1383 803 altera

196 922 204 941 ι
336 873 467 964 annis
490 874 874 968 LXXXVII—IX
895 874 1098 1008 vulgata,
1137 898 1184 970 et
1202 869 1382 1004 aliquot

205 1020 209 1027 ’
336 1038 467 1131 annis
494 1038 651 1164 postea
676 1039 880 1133 Londini
912 1045 1125 1171 repetita3
1172 1075 1281 1137 cum
1308 1046 1381 1135 in-

227 1238 234 1253 ’
335 1226 461 1298 terea
498 1202 627 1332 prelo
662 1209 856 1335 repetita
898 1204 1003 1301 esset
1043 1206 1184 1301 editio
1222 1212 1378 1304 minor

334 1367 621 1469 emendatior
648 1403 687 1465 a
708 1376 954 1467 LXXXIX
1013 1372 1189 1468 Iudicia
1216 1409 1377 1505 expet*

333 1561 408 1633 tos
430 1534 527 1631 sum
550 1540 762 1659 virorum,
776 1538 1018 1635 doctorum
1038 1562 1133 1633 tam
1155 1538 1375 1660 liberalia,

330 1728 381 1803 vt
403 1696 575 1832 eaipsa
594 1702 708 1796 mihi
729 1704 822 1799 hoc
845 1702 1066 1833 tanquam
1082 1739 1199 1801 onus
1221 1711 1376 1837 impo-

331 1902 442 1967 nere
477 1870 758 1989 viderentur,
816 1891 886 1988 vt,
934 1894 1158 1999 quantum
1183 1870 1371 2002 possem,

329 2036 527 2133 studium
569 2039 619 2131 in
666 2036 953 2132 emendanda
1001 2062 1048 2133 et
1091 2039 1371 2167 perficienda

330 2236 472 2336 opera
510 2235 616 2299 mea
661 2199 946 2299 collocarem.
1028 2210 1186 2340 anue
1228 2210 1278 2299 in
1315 2238 1372 2305 re

12 2398 13 2407 ¹
115 2440 123 2450 .
167 2508 170 2513 1
327 2394 456 2467 tanto
476 2371 723 2503 religiosius
747 2366 862 2464 mihi
880 2368 1147 2467 versandum
1173 2369 1257 2467 elle
1278 2406 1371 2503 pu·

326 2544 444 2657 tani,
482 2558 654 2667 quanto
675 2536 838 2633 melius
859 2535 951 2669 ipse
975 2542 1235 2672 cognitane
1260 2574 1370 2667 per-

327 2702 477 2836 specta
506 2702 724 2799 haberem
755 2736 833 2823 ea,
887 2708 1083 2834 quaein
1114 2706 1192 2799 illa
1220 2734 1369 2835 opera

324 2904 430 2967 mea
468 2895 547 2968 aut
584 2870 877 2969 desideranda
915 2868 1070 2989 essent,
1118 2892 1198 2968 aut
1231 2867 1367 2969 aliter

324 3039 646 3141 constituenda.
709 3046 1014 3167 Nequaquam
1037 3042 1160 3133 enim
1180 3040 1241 3134 ad
1258 3044 1365 3137 Vir·

323 3208 482 3338 gilium
503 3240 629 3302 noua
647 3208 945 3303 annotatione
970 3206 1281 3301 instruendum
1300 3236 1363 3301 eo

169 3434 174 3453 ·
324 3376 479 3467 animo
500 3398 545 3469 et
558 3374 743 3469 consilio
757 3368 1034 3488 accesseram,
1059 3372 1188 3500 qnod
1201 3374 1362 3502 postea

248 3637 251 3649 ,
323 3538 533 3668 sequutus
545 3538 653 3637 sum.
706 3544 830 3637 Nam
843 3571 962 3655 cum,
985 3562 1092 3635 ante
1108 3572 1255 3643 annos
1267 3536 1359 3634 hos

320 3698 416 3803 sere
432 3708 623 3826 XXXV,
652 3708 897 3822 alibrario‚
924 3700 1090 3809 sollerti
1106 3726 1151 3801 et
1165 3707 1361 3811 honesto

319 3876 440 3992 tiro,
470 3888 780 4003 quiaereretur3
819 3874 901 4003 qui
919 3872 1167 3975 editionem
1179 3872 1360 4005 Virgilii

270 4152 276 4171 „
318 4044 440 4137 notis
466 4040 634 4138 selectis
663 4061 708 4168 et
738 4020 958 4171 excerptis
984 4044 1213 4169 nouisque
1237 4072 1358 4145 nom

318 4206 452 4303 millis
476 4206 707 4339 adspersus,
747 4210 1033 4324 instructam,
1063 4210 1195 4309 auius
1216 4240 1354 4340 gene·-
