2942 5067
375 324 448 400 166
574 329 617 401 Ρ.
640 329 890 405 VIRGILII
915 327 1176 408 MARONIS

368 511 551 603 Arcades,
576 515 719 589 inuidia
740 533 960 616 rumpantur
980 537 1021 593 vt
1044 519 1108 594 iiia
1132 517 1273 607 Codr03

369 625 461 746 Ant,
487 643 515 720 fi
532 647 625 723 vltra
644 649 827 751 placitum
848 649 1024 745 laudarit,
1058 651 1216 729 baccare
1236 651 1381 725 frontem

371 781 536 880 (dirigite,
580 809 632 858 ne
657 789 733 858 veti
760 804 897 860 noceat
918 786 1016 858 mela
1035 785 1163 890 lingua
1187 785 1318 860 futuro.

423 943 454 991 c.
470 915 611 992 Saetosi
633 937 746 1018 caput
766 893 843 993 hoc
862 925 944 1021 apri
963 920 1049 1013 tibi,
1071 919 1200 1012 Delia,
1223 943 1348 1022 pentus

316 1087 321 1094 ·
369 1052 418 1126 Et
437 1049 580 1126 ramosa
597 1054 730 1127 Micon
748 1057 887 1128 viuacis
906 1077 1049 1130 ootnue
1076 1057 1193 1131 cerui.
1342 1051 1383 1125 30

369 1186 410 1260 Si
429 1190 625 1289 proprium
647 1186 724 1262 hoc
744 1185 876 1282 fuerit,
914 1187 993 1266 leui
1012 1187 1061 1264 de
1079 1212 1266 1266 marmore
1285 1205 1354 1260 tota

370 1415 425 1453 tem
442 1400 541 1455 Medic.
565 1418 630 1456 em.
643 1421 685 1476 pr.
697 1421 759 1458 curn
771 1402 907 1466 nonnulli·
921 1403 980 1460 eliis
994 1421 1037 1479 ep.
1052 1405 1138 1470 Pion,
1157 1401 1244 1460 Heind
1260 1418 1285 1458 et
1298 1401 1382 1461 Bure..

368 1486 439 1540 forte
459 1505 490 1540 ex
511 1487 725 1560 interpretatione
745 1487 860 1554 alteriue,
882 1489 955 1564 qnod
975 1491 1062 1545 minue
1076 1492 1195 1545 obuium.
1261 1490 1293 1544 26
1309 1485 1383 1540 Codri

368 1571 467 1628 Moror.
489 1569 537 1626 sec.
560 1587 587 1628 et
605 1572 678 1627 oud.
699 1560 716 1627 ιΙ
735 1592 773 1628 m.
793 1575 842 1629 fec.
928 1593 963 1647 27
980 1577 1131 1647 placidum
1150 1572 1267 1646 Longob.
1287 1571 1345 1628 Pier.
1362 1587 1383 1624 et

369 1655 455 1712 Goth.
475 1675 516 1730 pr.
582 1661 618 1714 28
637 1679 674 1712 ne
698 1679 788 1732 puero
811 1677 936 1717 noceant
955 1665 1032 1718 mala
1043 1661 1133 1735 figna
1154 1657 1284 1716 Gloffetor
1299 1655 1382 1711 Birthii

369 1744 439 1801 Adit.
453 1747 495 1816 37,
510 1747 536 1802 ⁵.
561 1745 667 1818 futuro
689 1746 718 1799 in
736 1745 810 1800 Voss'.
833 1747 915 1802 altero
936 1746 969 1801 eb
994 1747 1086 1801 eadent
1108 1765 1189 1800 menti
1211 1743 1383 1818 superscriptum

360 1818 490 1904 susurro.
559 1849 595 1902 ²9
610 1828 719 1901 Saetofi
741 1831 892 1906 scripturetn
904 1834 995 1887 Burni.
1011 1831 1110 1886 elibrir
1126 1831 1282 1886 emendetit.
1311 1824 1384 1897 Setofi

369 1917 459 1989 vulgo.
526 1917 561 1972 30
578 1919 681 1970 Micon
700 1915 819 1990 reposuit
843 1919 896 1972 vid.
917 1919 971 1992 sup.
992 1919 1027 1971 ed
1046 1920 1092 1980 111,
1110 1937 1150 1973 ro.
1184 1917 1270 1989 Vulgo
1284 1915 1383 1988 Myron.

369 2003 457 2076 Myco
479 2003 545 2057 alter
564 2003 671 2075 Meneg.
703 2021 813 2074 partior
832 2009 864 2072 (ι
877 2023 914 2060 ni.
935 2009 993 2078 pr.)
1010 2005 1050 2060 Et
1068 2023 1152 2060 raros
1165 2007 1291 2076 Amyron
1301 1997 1382 2056 Medic·

369 2089 402 2146 δι
421 2095 483 2144 lent
504 2089 576 2153 dno,
596 2105 625 2145 rt
643 2087 735 2144 [olent.

374 2274 538 2340 Obtrectet
577 2276 692 2340 scilicet
728 2276 871 2342 lendibus
911 2279 1100 2363 Anthologie
1115 2299 1233 2364 graece.
1254 2273 1386 2358 Supplen·

373 2381 481 2442 Codri.
524 2401 575 2463 ²7·
595 2382 687 2442 vltra
697 2381 869 2465 placitum,
912 2387 987 2448 dum
1001 2403 1076 2448 vero
1092 2383 1225 2458 „Micon
1241 2379 1293 2441 tibi
1310 2377 1386 2445 dicet,

370 2479 496 2564 fiplut,
526 2506 620 2568 quem
633 2483 691 2568 ipti
704 2486 817 2568 placet,
839 2485 869 2546 h.
911 2489 1013 2574 quod,
1043 2486 1247 2567 repropitiet,
1276 2480 1387 2541 feliciter

370 2586 509 2660 videtur,
531 2588 692 2650 laudentur
705 2587 744 2650 eb
760 2609 816 2662 θος
845 2587 869 2652 fi
909 2607 1037 2654 venetur
1052 2589 1182 2649 fuerit.“
1194 2588 1235 2647 At
1248 2583 1400 2672 obscurum·

369 2687 492 2749 Codrus
523 2709 583 2752 not
624 2692 791 2754 immodice
836 2707 869 2754 et
911 2691 954 2756 est
984 2691 1070 2778 quod
1099 2689 1254 2774 seqnitur:
1277 2685 1387 2766 fipro·

368 2805 495 2873 praeter
506 2797 667 2856 veritatem
681 2795 797 2856 laudat.
817 2793 869 2856 Est
905 2798 1018 2878 prium
1052 2793 1116 2854 Iton
1150 2813 1186 2854 ec
1221 2803 1386 2873 perpetuum

369 2909 475 2955 eutem
496 2894 599 2956 fascini
628 2918 725 2980 genus
744 2913 867 2972 notum,
899 2898 1024 2980 fiteric,
1044 2901 1195 2980 quoniam
1209 2915 1274 2956 non
1289 2904 1386 2951 certam

369 3010 404 3056 vt
417 2997 688 3060 immodiceleude
702 2997 869 3062 efferentur
906 2997 1004 3061 habet
1038 3001 1321 3080 interpretationem
1356 3007 1386 3048 ex

368 3119 426 3172 ee,
453 3099 565 3182 quibus
580 3105 647 3184 quis
662 3103 810 3164 inuideat.
837 3123 866 3164 v.
908 3100 978 3184 ipfis
993 3099 1094 3162 verbis
1116 3115 1171 3162 eut
1194 3119 1299 3172 exre,
1325 3089 1388 3176 quid

370 3201 480 3263 Cerdo.
523 3203 573 3263 De
590 3202 730 3265 baccare
749 3207 809 3284 vid.
827 3205 866 3267 ad
908 3206 984 3266 illud
1001 3202 1051 3276 fit,
1080 3204 1169 3286 quod
1189 3221 1246 3284 per
1266 3199 1323 3258 lior
1343 3195 1387 3253 de·

367 3302 432 3364 Ecl.
449 3303 505 3378 IV,
529 3324 576 3384 ¹9·
907 3306 1050 3392 [ignetur.
1078 3305 1202 3366 Dicitur
1216 3299 1324 3386 aliquid
1338 3291 1388 3356 effe

431 3406 484 3468 50.
511 3407 683 3484 Mirantur,
716 3409 803 3493 quod
825 3409 865 3472 de
903 3413 1087 3495 proprium,
1116 3407 1147 3468 h.
1164 3429 1192 3470 e.
1209 3417 1386 3487 perpetuunn

367 3503 473 3574 alieno
484 3505 606 3588 pastore
617 3490 691 3592 'eget
702 3512 863 3596 Corydon,
908 3511 1278 3574 vsuetfructucertutnec
1291 3520 1385 3572 tutum,

366 3627 434 3670 non
449 3609 490 3670 de
504 3609 543 3674 se.
564 3611 680 3671 Verum
692 3613 761 3674 sunt
776 3613 863 3688 haec,
905 3613 1027 3676 firmum
1049 3628 1082 3674 et
1104 3609 1220 3674 stabile.
1268 3609 1315 3669 De
1335 3603 1386 3664 hoc

365 3727 400 3772 vt
420 3713 568 3788 diximus,
602 3735 699 3796 parua
726 3721 864 3778 carmine
905 3737 1000 3778 nemo
1013 3715 1143 3778 dubitet.
1160 3715 1223 3776 Sed
1236 3712 1384 3798 quaeritur,

364 3813 538 3898 prorniscue
562 3800 739 3880 cumulate
773 3821 864 3880 Nunc
905 3818 980 3904 quid
1002 3819 1065 3880 ltoo
1078 3815 1123 3879 tie
1161 3817 1241 3878 Cum
1257 3813 1385 3878 dedicen-

364 3915 417 3990 id,
445 3918 531 4000 quod
550 3915 701 4000 sequitur,
732 3919 776 3981 est
797 3925 863 4002 epi·
904 3937 954 3983 tur
975 3921 1070 4003 spolie
1096 3921 1182 3983 ferne
1212 3939 1249 3980 ex
1276 3925 1383 3979 venetur

364 4023 538 4102 gremmrtit
558 4041 656 4104 genus
676 4020 729 4082 seu
756 4039 863 4084 votum
905 4024 1026 4086 videtur
1040 4023 1111 4086 elici
1132 4019 1220 4104 poffe
1235 4041 1253 4082 e
1267 4014 1385 4080 Miconis

364 4141 384 4181 e
417 4117 540 4203 pestere
579 4123 709 4186 Micone
741 4125 862 4188 Dianae
904 4127 1052 4209 persone:
1072 4123 1174 4188 sstem
1193 4123 1274 4186 felici
1286 4130 1385 4182 vertetu

362 4221 489 4301 fecmm,
526 4229 576 4289 cui
596 4224 704 4290 lindie
730 4227 801 4292 sunt
827 4233 863 4294 in
903 4245 1056 4314 perpetuo
1078 4235 1122 4292 vti
1138 4227 1299 4312 eontigerit
1318 4234 1383 4294 etc-3
