2942 5067
364 421 418 498 30
574 420 617 494 Ρ.
644 417 898 498 VIRGILII
926 418 1195 498 MARONIS
1221 447 1223 450 ·

353 612 488 692 seilicet
500 607 562 690 se,
598 609 670 668 iam
700 621 815 668 aetate
836 621 1054 689 marceacum,
1103 607 1267 672 libertatis
1294 609 1399 689 conse·

364 715 520 803 quentiae
540 717 654 798 cauffo
676 713 802 778 Vrbem
822 711 957 796 odiiffe,
1003 716 1117 800 ibique
1137 716 1181 776 ab
1202 717 1276 778 lteri
1289 718 1401 800 facili·

365 841 439 887 tate
452 824 517 885 lsoc
530 821 717 902 obtinuiffe,
737 837 777 882 vt
788 841 906 900 greges
910 821 996 900 suos
1011 839 1084 885 tuto
1104 847 1146 885 ac
1160 825 1262 884 libere
1271 826 1402 908 pascere

363 929 488 995 liceret.
529 927 707 990 Putandus
728 926 774 1006 est
795 927 882 989 adeo
910 931 1041 1012 Tityrus
1057 930 1119 1013 ⁰ff⁰
1132 953 1219 992 unus
1239 953 1282 992 ex
1298 930 1401 1015 pasio-

364 1041 457 1100 ribus
467 1038 579 1116 seruis
600 1038 637 1094 in
652 1033 768 1116 fundo
790 1058 814 1096 a
833 1034 969 1096 domino
991 1037 1136 1099 liabitis:
1176 1040 1218 1122 cf.
1242 1038 1291 1099 ad
1310 1061 1342 1102 v.
1357 1040 1401 1102 28.

362 1151 500 1210 'Interea
527 1143 615 1204 alter
644 1141 688 1202 de
713 1142 811 1202 molis
838 1164 882 1203 ac
908 1144 1062 1224 molestiis
1091 1149 1301 1226 migrationis
1321 1145 1403 1226 suae

364 1254 599 1338 conqueritur,
645 1247 848 1332 tandemque
880 1266 998 1333 aperte
1021 1249 1066 1312 de
1087 1265 1324 1314 veteranorum
1347 1257 1402 1312 im-

363 1357 512 1442 mtffione
529 1361 567 1417 in
586 1375 688 1435 agros
711 1357 861 1438 loquitur
885 1378 917 1417 v.
934 1377 985 1437 70.
1030 1359 1175 1438 Subsistit
1197 1359 1349 1440 dialogus
1369 1364 1404 1418 in

363 1490 421 1543 eo,
450 1483 489 1528 vt
506 1467 636 1548 Tityrus
656 1463 812 1546 miserum
828 1465 962 1527 exulem
981 1466 1018 1528 in
1028 1467 1096 1548 suo
1113 1469 1247 1550 tugurio
1266 1489 1402 1560 pernoc-

365 1590 442 1637 tare
459 1572 587 1640 iubeat.

447 1743 563 1833 Atque
585 1745 652 1807 lsoc
678 1743 814 1830 quidem
841 1765 960 1810 oerum
983 1767 1027 1808 ao
1050 1749 1226 1832 proprium
1252 1751 1404 1812 carminis

318 1906 321 1912 ,
364 1857 411 1940 est
430 1867 664 1937 argumentum
671 1876 685 1922 ,·
724 1852 835 1936 quod,
862 1871 1025 1940 quantum
1053 1877 1077 1918 a
1101 1873 1227 1918 natura
1251 1862 1403 1920 carminis

358 1963 530 2052 pastoricii¹
544 1963 682 2044 proprie
702 1959 787 2020 dicti
809 1961 913 2038 absit,
940 1965 1053 2050 facile
1067 1981 1228 2049 apparet,
1257 1982 1292 2028 et
1312 1967 1404 2051 quale

364 2093 490 2134 nouum
506 2088 613 2150 genus
636 2066 834 2144 constituat,
875 2071 915 2131 in
934 2071 1162 2155 dsspzstatione
1183 2071 1227 2134 de
1246 2077 1404 2136 Bucolicis

365 2177 566 2260 Wr'giliams
588 2171 770 2256 expositum
789 2173 843 2252 esi.
888 2177 956 2237 Sed
967 2183 1150 2240 communis
1167 2185 1316 2242 omnium
1329 2198 1404 2243 tem-

360 2307 485 2375 porum
508 2282 642 2366 opinio,
675 2294 828 2340 ueterum
846 2263 1152 2348 Grammatieiorum
1165 2287 1242 2371 fide
1254 2291 1404 2373 firmata,

339 2435 344 2441 .
365 2394 530 2460 obtinuit,
569 2388 720 2467 Eclogae
738 2387 838 2448 liuius
861 2393 1028 2454 rationem
1048 2393 1098 2456 ad
1119 2395 1180 2455 illa
1201 2410 1353 2479 tempora
1375 2411 1405 2457 et

365 2500 503 2582 Virgilii
529 2497 710 2578 fortunam
740 2497 1029 2562 accommodatam
1059 2505 1140 2588 «effe,
1185 2525 1292 2587 eoque
1320 2525 1404 2568 anno

364 2629 441 2670 eam
462 2604 486 2684 (
487 2603 528 2671 V.
546 2601 683 2686 0·7¹3)
714 2599 884 2684 scriptam
912 2606 992 2688 effe,
1043 2630 1111 2694 quo
1144 2612 1405 2675 Iriumuirorum

361 2715 520 2802 pactione
546 2708 682 2770 decreta
714 2707 869 2790 nefanda
894 2713 956 2774 illa
983 2736 1143 2796 agrorum
1163 2720 1253 2779 inter
1279 2737 1406 2782 vetera·

365 2843 428 2885 nos
452 2816 568 2896 diuifto
589 2814 634 2875 ab
650 2816 838 2879 Octauiano
853 2822 958 2903 facta
976 2821 1040 2902 ψ·
1070 2823 1114 2886 de
1133 2847 1201 2910 qua
1214 2847 1245 2892 o.
1260 2829 1405 2914 Appmu.

366 2930 462 2994 Ciuil.
476 2923 640 3000 aalma.
665 2921 846 3006 (ed.Amst,
866 2931 958 3010 1670,
968 2933 1106 3014 p.954,)
1129 2935 1197 2994 Dio
1210 2937 1349 3008 XLVII,
1361 2945 1421 3018 14,

365 3040 460 3107 Am,
487 3037 595 3102 onim,
639 3052 742 3115 qsrarn
770 3033 941 3096 Antonius
959 3051 992 3098 et
1020 3029 1226 3103 Oolatsianus
1250 3044 1407 3125 aduersus

368 3145 509 3230 Caffasm
529 3158 564 3204 et
583 3145 723 3202 Brutum
741 3139 1047 3225 proficiscerentur,
1078 3150 1146 3210 icto
1170 3149 1220 3210 ad
1240 3153 1407 3214 Mutinam

356 3251 521 3338 foedere,
550 3268 638 3335 quae
657 3247 702 3327 est
722 3249 861 3330 infamis
874 3250 935 3309 illa
953 3253 1216 3317 Triumuiratum
1234 3263 1350 3340 pactio
1366 3259 1405 3326 V.

368 3363 404 3431 0,
420 3381 503 3443 711,
532 3369 570 3417 ut
593 3354 795 3426 exercitum,
829 3377 872 3415 ex
888 3363 1062 3421 veteranis
1071 3364 1155 3444 fere
1177 3367 1406 3450 conscriptum,

366 3471 410 3534 iu,
420 3463 496 3550 fide
516 3464 719 3530 retinerent,
754 3461 914 3526 militibus
930 3451 1070 3550 praeter
1089 3471 1161 3532 alia
1179 3478 1336 3555 praemia
1355 3496 1407 3536 co·

366 3576 477 3640 lanias
496 3570 630 3632 orbium
646 3569 862 3640 Italicarum,
899 3586 933 3633 et
952 3575 1070 3658 opibus
1090 3593 1124 3639 et
1140 3579 1219 3658 solo
1240 3595 1273 3642 et
1291 3582 1407 3666 aedifi·

366 3686 429 3746 ciis
454 3683 543 3742 inter
563 3692 691 3738 ceteras
721 3674 918 3756 insignium,
959 3682 1158 3762 octodecim,
1204 3709 1291 3772 quae
1313 3687 1408 3772 Oaffii

362 3805 479 3877 partes
498 3785 674 3872 amplexae
694 3798 812 3854 erant,
842 3787 932 3848 inter
955 3810 1039 3875 quas
1063 3791 1198 3874 Capua,
1232 3796 1406 3878 Rhegium,

369 3894 533 3973 Venusia,
565 3897 808 3968 Beneuentum,
833 3891 997 3967 Nuceria,
1025 3897 1237 3973 Ariminum,
1268 3905 1405 3968 Vibona

366 4023 401 4077 et
423 4007 587 4068 Cremona
610 4015 854 4070 memorantur,
891 4006 1135 4085 promiseram
1170 4009 1203 4074 ls.
1224 4031 1252 4074 e.
1278 4033 1407 4096 recepe·

368 4129 448 4176 runt
470 4115 506 4175 in
516 4111 578 4200 se,
604 4109 648 4187 se
668 4129 742 4184 eos,
780 4107 865 4168 bello
880 4111 1033 4191 feliciter
1055 4117 1226 4200 confecto,
1268 4123 1306 4182 in
1330 4121 1408 4182 illae

367 4221 483 4289 urbes,
515 4235 687 4302 tarnquam
709 4207 874 4293 colonias,
904 4215 1123 4294 deducturos,
1143 4241 1178 4285 et
1197 4246 1322 4302 eorssm,
1350 4229 1407 4312 qui

369 4349 458 4388 nunc
482 4325 684 4392 incolerent,
725 4324 902 4404 agroesiis
928 4324 1148 4409 affignaturos
1173 4335 1245 4418 effe.
1297 4335 1407 4420 Quam
