2942 5067
331 444 386 507 vu
512 417 520 493 Γ
654 400 1047 497 PRAEFATIO
1203 412 1231 503 '⁴

339 612 390 704 in
421 596 623 699 Aeneide
659 594 841 727 prorsus
869 598 985 691 mibi
1022 598 1106 727 ipfi
1134 602 1382 734 obtempes

280 760 283 767 ’
342 764 458 875 rani.
505 774 574 863 Ita
587 790 742 861 autem
760 768 926 881 euenit,
947 786 998 861 vt
1012 797 1154 895 opera
1166 802 1272 863 meu
1290 770 1378 867 alia

345 955 570 1071 quantum
595 932 752 1063 dispar
775 928 879 1027 ellet
900 938 1173 1062 comparatis
1192 936 1375 1069 Eclogis

347 1131 394 1211 et
419 1104 654 1232 Georgicis
684 1132 792 1197 cum
813 1098 1033 1215 Aeneide3
1081 1134 1169 1195 nec
1201 1106 1286 1197 nili
1323 1108 1380 1199 in

346 1272 549 1402 repetitis
579 1267 854 1361 editionibus
886 1266 948 1359 ad
978 1266 1174 1361 ermdem
1208 1270 1382 1363 modu-

346 1440 445 1535 lum
460 1436 616 1540 omnia
631 1434 900 1544 constitue-re
915 1432 1184 1565 allaboram3
1212 1437 1289 1532 etfi
1302 1438 1377 1533 vel

350 1609 412 1705 lic
435 1604 554 1697 bene
580 1596 781 1693 intellexi
799 1595 1014 1728 superelle
1036 1632 1231 1718 naeuos,
1259 1605 1381 1729 quos

348 1775 532 1904 penitus
573 1764 724 1859 eluere
760 1767 837 1861 vix
870 1765 1046 1880 liceret,
1102 1766 1152 1859 in
1184 1799 1383 1899 corpore

214 1960 216 1967 ·
348 1935 411 2028 ad
447 1934 584 2025 aliem
621 1930 821 2024 formam
862 1930 922 2025 ab
962 1934 1095 2074 initio
1136 1934 1385 2069 delignnto,.

352 2100 498 2223 Quod
514 2122 668 2193 tumen
681 2096 831 2214 licuit,
859 2094 1055 2229 satagere
1072 2098 1198 2195 haud
1217 2102 1383 2236 refugi,

351 2292 420 2384 vt,
460 2268 638 2393 quoties
665 2296 791 2357 noua
821 2262 963 2357 editio
982 2288 1240 2393 pararettu,
1279 2304 1387 2368 norr

351 2432 494 2529 modo
519 2430 766 2563 relegerem
794 2452 982 2557 poetam
1015 2464 1122 2525 cum
1156 2440 1272 2531 meis
1298 2468 1385 2531 eur-¹

350 2597 684 2711 notationibus,
714 2573 947 2688 sedetiam
967 2620 1254 2694 retractarem
1272 2602 1390 2702 loca-

350 2762 504 2860 seltem
517 2766 702 2893 potiora
722 2784 770 2856 et
792 2762 1101 2882 emendarem,
1142 2800 1261 2895 quae
1279 2772 1390 2897 φής

351 2931 458 3025 dem
474 2928 760 3025 emendanda
775 2924 859 3022 elle
875 2930 1109 3051 videbam,
1157 2938 1294 3028 etiem
1313 2970 1390 3056 es,

351 3097 411 3189 de
435 3096 600 3222 quibus
612 3098 813 3188 monitus
827 3092 978 3213 ellem3
1011 3132 1066 3192 ea
1080 3124 1233 3194 sutem
1249 3131 1387 3229 prae-

350 3263 554 3375 terirem,
580 3260 817 3385 inquibus
840 3262 961 3354 mele
987 3260 1119 3356 ellem
1141 3270 1392 3395 reprehens·

350 3422 442 3543 lus,
477 3458 533 3520 ea
555 3424 858 3555 relinquerem
879 3432 1066 3565 intaeta,
1100 3432 1265 3559 quibus
1287 3428 1393 3531 mea·

205 3646 217 3673 ι
351 3592 468 3688 liora
487 3623 584 3684 non
603 3590 739 3685 allata
750 3589 969 3711 vidillem,
1009 3594 1394 3727 obliuiscererque

353 3792 429 3874 ea,
459 3790 577 3885 quse
598 3756 873 3853 illiberaliter
895 3762 944 3852 in
968 3794 1044 3855 me
1070 3760 1205 3859 ellent
1227 3764 1387 3861 effirla:

352 3924 517 4052 quibus
536 3956 633 4017 non
658 3948 754 4019 tam
779 3924 909 4019 dolui
934 3933 1028 4021 mei
1051 3927 1216 4047 enulla,
1244 3939 1391 4058 quani

348 4114 538 4218 propter
557 4093 845 4188 imminutam
865 4094 1115 4191 litterarum
1131 4088 1389 4199 nostrarum

349 4254 634 4386 dignitatem,
684 4281 735 4355 et
765 4262 828 4357 ob
863 4264 1202 4377 detrimentum,
1254 4263 1388 4391 quod
