2942 5067
349 401 405 454 ιι.
475 358 480 370 ’
671 369 1064 449 enrurtrro

291 564 293 569 ⁵
352 581 473 671 docti,
506 594 573 651 eut
587 574 686 653 sorte
701 582 767 681 qui
788 578 895 654 docti
915 574 982 653 srbi
997 569 1071 653 esse
1084 574 1324 669 videbanmr,
1356 590 1409 649 vt

352 722 392 793 in
412 711 538 789 nostro
561 710 730 789 sermone
751 713 975 806 vernaculo,
1003 710 1174 817 scripsere
1192 718 1220 787 i.
1267 712 1411 794 inclu-

231 950 233 955 .
354 869 415 924 tus
436 874 524 925 vem
547 846 734 925 scribendi
761 853 858 925 ratio
871 831 950 943 est,
989 876 1071 924 non
1089 848 1250 943 inclytus
1277 868 1319 924 ct
1341 852 1413 921 in·

355 987 477 1062 clitus,
532 982 764 1066 lacrumae,
807 1011 888 1060 non
923 984 1109 1081 lacrymae
1140 1003 1179 1060 et
1209 984 1411 1061 lacrimae.

355 1096 476 1197 Porro
498 1144 578 1193 non
602 1118 721 1195 modo
738 1118 932 1196 deterioris
951 1122 1054 1211 aeui,
1087 1142 1218 1194 rerum
1237 1123 1313 1193 iem
1328 1120 1414 1193 Ca·

357 1256 521 1345 tulliam,
545 1273 585 1327 rt
599 1278 622 1327 e
638 1255 799 1351 Quintil.
819 1259 847 1346 1,
864 1255 900 1347 5,
919 1280 969 1329 20
992 1252 1153 1347 constat,
1182 1258 1414 1357 pronuntia·

358 1397 413 1465 tio
438 1414 461 1461 c
473 1391 576 1465 intes
589 1395 753 1465 mutauit
774 1393 815 1461 in
830 1388 1040 1491 plenisque:
1076 1386 1183 1464 scribi
1198 1386 1297 1465 odeo
1313 1412 1414 1463 coe·

359 1530 415 1628 pit
445 1523 680 1622 lachryma,
716 1525 919 1604 anchora,
963 1524 1153 1626 pulcher,
1178 1523 1411 1625 pulchrior,

273 1717 283 1753 ,
349 1657 619 1759 sepulchrum.
647 1689 650 1706 ·
677 1660 799 1735 Recto
817 1656 1015 1758 adspiratio
1031 1663 1072 1733 in
1086 1656 1145 1733 his
1168 1656 1222 1733 est
1236 1656 1391 1759 expulsa
1398 1686 1413 1749 ς

361 1793 498 1871 eodem
521 1811 649 1869 tamen
668 1796 751 1869 iure
772 1792 879 1871 scribi
903 1792 1086 1871 debuerat
1101 1794 1261 1896 pulcer,
1294 1812 1351 1884 et,
1381 1788 1414 1865 si

361 1954 486 2004 veram
501 1930 692 2029 antiquam
708 1934 894 2005 rationdm
907 1928 1053 2005 seruam
1065 1929 1229 2020 volebas,
1249 1926 1411 2029 pulser,

360 2043 399 2139 st
411 2046 636 2166 Karthugb.
682 2066 840 2141 Veteres
852 2068 1015 2139 Romani
1030 2069 1092 2187 cip
1108 2088 1303 2165 nunquam
1315 2086 1413 2163 pro·

361 2204 583 2275 nuntiarunt
603 2218 641 2273 vt
663 2204 750 2273 cio:
799 2227 878 2308 quo
896 2206 979 2275 iure
994 2202 1181 2279 nuncius,
1206 2201 1412 2303 precium,

300 2411 302 2417 ,
363 2355 401 2409 et
420 2330 550 2407 similia
571 2331 787 2410 scribimus?
837 2335 975 2413 scilicet
1002 2317 1050 2409 eir
1077 2332 1212 2408 seriore
1236 2358 1415 2436 pronun·

363 2472 530 2543 tiatione.
582 2470 723 2549 Iterum
743 2486 885 2545 certam
899 2435 1085 2545 radonem
1105 2491 1219 2544 nemo
1241 2467 1414 2571 sequitur

258 2693 263 2704 Ι
361 2608 402 2677 in
423 2595 555 2679 litteris
580 2604 832 2705 geminandis:
879 2607 994 2686 litus,
1031 2602 1173 2684 litera,
1213 2600 1412 2682 scribimus

362 2737 479 2832 forte;
511 2760 551 2813 ot
571 2766 638 2815 cur
661 2766 741 2816 non
760 2762 800 2817 et
821 2740 974 2817 belua?
1003 2738 1121 2811 cela?
1153 2738 1236 2812 ile?
1292 2741 1413 2817 Vete-

362 2900 421 2949 res
444 2881 601 2950 omnino
626 2877 761 2953 Graeci
784 2899 824 2954 et
847 2878 1008 2953 Romani
1033 2897 1106 2947 rna
1125 2872 1249 2948 littera
1273 2868 1414 2954 scribe·

361 3009 472 3103 hant,
512 3019 824 3112 pronuntiatione
844 3036 929 3089 eam
955 3009 1213 3110 geminabant:
1250 3006 1413 3111 quodsi

364 3142 478 3218 semel
501 3149 695 3246 antiquam
718 3152 904 3222 rationem
924 3145 1103 3246 sequeris,
1150 3167 1196 3219 ea
1219 3140 1413 3247 sequenda

364 3283 435 3354 erit
455 3282 497 3353 in
519 3279 712 3387 omnibus,
736 3280 930 3383 adeoque,
956 3276 983 3354 si
997 3276 1125 3358 baca,
1149 3281 1264 3352 etiam
1281 3304 1411 3357 vaca,

364 3411 522 3486 bucina.
575 3414 614 3489 Si
633 3432 771 3515 poetae
791 3416 934 3491 litteras
956 3416 1165 3516 geminant,
1208 3430 1248 3488 rt
1270 3411 1411 3509 syllaba

361 3538 612 3648 producatur,
644 3546 820 3651 scriptum
841 3550 967 3627 videos
987 3547 1197 3653 promiscue
1216 3564 1409 3651 quatuor,

362 3680 543 3785 relligio,
579 3702 618 3760 et
638 3688 838 3786 Iuppiter,
867 3686 947 3763 boc
959 3684 1119 3759 alterum
1139 3684 1255 3759 eriam
1272 3708 1411 3788 perpe-

363 3840 461 3913 ram,
477 3842 571 3894 nam
586 3822 745 3919 primam
765 3824 807 3895 in
821 3825 972 3925 Iupiter
986 3842 1174 3921 nusquam
1191 3838 1410 3922 correptam

277 3934 285 3955 ’
361 3950 457 4047 ridi,
494 3970 534 4027 et
557 3948 609 4029 ess
630 3974 824 4033 contrecto
844 3982 988 4033 vortex
1016 3953 1247 4057 Iouispaten'
1287 3970 1409 4028 rettu-

362 4086 411 4159 lit
433 4085 590 4164 indocte
615 4088 739 4189 scribi,
762 4092 893 4171 docuit
914 4096 969 4168 Io.
985 4089 1181 4169 Schrader.
1220 4094 1408 4191 'Quanto-

362 4246 455 4325 pere
483 4222 642 4301 sluctuat
668 4225 848 4333 scriptura
875 4234 917 4305 in
946 4226 1205 4354 sequentibus:
1239 4227 1405 4332 sequor·
