2942 5067
374 410 497 512 exn¹
700 357 1088 459 Poturtrro

373 591 594 682 Enimuero,
621 600 699 692 quo
720 591 837 689 magis
860 592 1042 681 rationes,
1084 584 1240 681 causas,
1273 604 1313 665 et
1330 586 1409 665 rsus

375 750 503 801 earum
529 728 569 799 in
599 748 831 827 quocunque
864 722 1040 827 scriptore
1072 726 1316 817 intellexeris,
1362 751 1409 799 eo

286 940 288 950 ,
374 857 622 941 difficiliorem
644 858 755 940 huius
786 858 929 937 consilii
959 858 1137 937 effectum
1151 857 1239 980 tesse
1265 864 1410 963 praeui-

371 980 513 1094 deasss‘)
572 994 742 1086 Deinde,
783 994 810 1079 fi
838 1002 1047 1072 iuuentutis
1076 996 1272 1071 utilitatem
1299 995 1409 1097 respi-

373 1132 547 1214 ciendam
569 1128 641 1207 esle
661 1130 827 1226 duxeris,
860 1152 899 1206 vt
918 1138 946 1207 ii
961 1132 1124 1237 aliquem
1139 1123 1272 1218 haruin
1285 1158 1409 1207 rerum

263 1348 266 1356 λ
370 1268 472 1346 usum
487 1256 770 1371 consequantur,
795 1272 836 1341 in
852 1268 917 1342 tali
934 1238 1119 1359 editione,
1144 1268 1267 1343 multo
1282 1288 1408 1343 autem

370 1408 487 1505 magis
509 1408 550 1477 in
572 1404 637 1479 tali
658 1413 774 1507 poeti
793 1404 887 1479 nihil
909 1403 1031 1482 abesse
1053 1403 1243 1500 volebam,
1268 1402 1408 1507 quoad

285 1522 295 1537 ’
370 1546 586 1617 varietatem
608 1538 781 1615 lectionis
799 1546 959 1643 eiusque
979 1540 1080 1615 vsum
1095 1545 1251 1619 omnino
1268 1564 1408 1640 cogno·

371 1672 852 1753 scendum'adducerentur.
904 1676 1044 1758 Reiskii
1059 1682 1294 1751 coniecturae
1314 1700 1409 1749 non·

370 1810 492 1886 nullas
521 1828 560 1887 et
588 1777 866 1887 obseruationes
906 1837 976 1913 pro
1008 1812 1206 1912 multiplici
1233 1814 1407 1911 variaque

370 1948 561 2039 doctrine,
598 1972 696 2057 quae
712 1952 753 2021 in
768 1973 816 2024 eo
833 1952 924 2025 Viro
946 1946 1016 2039 est,
1053 1966 1092 2021 et
1110 1944 1347 2047 generosiore
1367 1949 1407 2019 in

370 2080 666 2161 correctionibus
681 2078 824 2182 spiritu,
850 2110 931 2165 non
952 2081 1268 2173 contemnendas,
1291 2086 1333 2164 in
1347 2106 1405 2157 va·

367 2224 430 2301 riis
447 2216 497 2293 ad
513 2218 698 2317 Georgica
709 2217 805 2294 locis
818 2217 978 2311 inserui3
1000 2217 1147 2296 miserat
1167 2222 1269 2292 enim
1282 2216 1333 2297 ad
1345 2242 1406 2291 me

263 2382 268 2412 ¹
368 2336 436 2432 Vir
460 2371 500 2428 et
519 2351 611 2427 olim
625 2358 700 2427 mei
716 2350 893 2428 studiosus
907 2380 978 2456 pro
994 2352 1264 2430 beneuolentia
1283 2352 1347 2427 sue
1368 2367 1406 2435 et

367 2489 600 2569 humanitate
622 2488 895 2589 Georgicorum
915 2490 1106 2592 exemplar
1124 2458 1244 2565 manu
1262 2488 1325 2565 sua
1338 2514 1404 2563 no-

368 2644 488 2699 tatum
512 2648 557 2698 ea
577 2622 682 2723 lege,
713 2644 769 2716 vt,
814 2650 911 2733 quoe
932 2625 1022 2701 inde
1046 2624 1180 2701 tollere
1204 2644 1270 2707 aut
1291 2625 1405 2704 rottr-

346 2766 485 2873 'quere
506 2756 659 2851 vellem,
689 2757 902 2835 libertatem
924 2759 1077 2838 faceret

419 2887 499 2970 'Et
535 2894 717 2973 hactenus
749 2895 904 2997 quidem
938 2896 988 2978 de
1017 2889 1215 2975 conatibus
1245 2902 1340 2971 mels
1365 2898 1404 2973 ln

366 3029 484 3134 ipsum
505 3050 670 3135 poetam.
736 3028 878 3125 Restat,
913 3050 953 3105 vt
972 3028 1139 3109 breuiter
1160 3031 1329 3115 indicem
1348 3054 1402 3119 ea,

366 3190 465 3267 quae
493 3166 583 3241 huic
614 3162 837 3266 praefationi
872 3155 1036 3249 subiecto
1068 3166 1160 3243 sunt.
1224 3170 1403 3255 Primum,

367 3290 456 3378 cum
479 3304 660 3375 variantes
680 3297 863 3376 lectiones
887 3328 935 3377 ex
963 3300 1046 3376 tatis
1069 3330 1206 3405 magno
1228 3302 1405 3378 codicum

364 3431 586 3537 scriptorum
604 3460 763 3510 numero
783 3387 1004 3516 existendo
1020 3434 1152 3531 essent,
1185 3463 1348 3550 quorum
1368 3452 1405 3508 vt

363 3570 446 3663 elii,
485 3576 551 3673 qui
572 3572 732 3655 eandem
759 3596 911 3655 mecum
940 3571 1053 3651 telam
1082 3600 1163 3649 non
1184 3574 1401 3662 detonuere,

363 3711 555 3801 notitiam,
579 3727 618 3783 et
640 3726 780 3811 quanta
803 3714 986 3811 cuiusque
1009 3714 1209 3785 auctoritas
1233 3708 1339 3803 esset,
1362 3713 1403 3782 in

363 3831 744 3950 promtdffib'erent,
787 3844 962 3956 postulari
991 3870 1072 3921 non
1100 3865 1266 3949 poterat3
1322 3843 1402 3919 sub·

271 4064 275 4077 '
366 4092 368 4097 v
433 4064 555 4145 *iffi
575 4065 672 4129 modo
698 4060 863 4133 western
903 4071 952 4129 nn
963 4069 1075 4150 1),le
1084 4070 1164 4133 Ven.
1174 4063 1398 4153 Ernestipraef·

360 4166 482 4252 proleg.
505 4170 545 4231 ad
565 4171 605 4233 N.
628 4172 667 4232 T.
697 4192 729 4253 p.
752 4190 862 4252 199-
903 4169 1006 4236 Taciti
1026 4193 1054 4234 a.
1074 4174 1105 4238 3.

363 4292 436 4337 tot.
459 4272 706 4359 Pteron‘pmet
724 4273 862 4339 odMoe·

355 4456 370 4493 s
