2942 5067
337 424 412 499 262
682 416 1040 497 PROOEMIVM

335 607 428 712 agri
443 604 616 703 fuerant
638 602 772 701 diuisi,
806 602 858 675 ab
880 610 1008 705 operis
1027 602 1164 702 rustici
1185 602 1375 702 molestiis

328 750 374 811 'et
401 734 599 806 aerumnis
627 729 849 813 tolerandis
876 728 1117 829 aliantffimis
1140 750 1256 811 arant
1283 734 1376 801 ani·

234 880 238 896 ’
324 863 429 945 ·mis,·
458 855 658 953 frumenti
680 857 821 952 inopia
841 851 892 924 ab
915 881 1022 926 anno
1046 857 1143 927 inde
1155 854 1384 932 DCCXIII

324 1004 485 1083 'magna
503 976 671 1051 Italiam
691 976 813 1073 sama
830 974 1053 1075 afflixeram
1093 986 1273 1051 carmine
1293 982 1376 1048 ita·

331 1133 427 1208 que,
475 1126 554 1203 quo
582 1104 694 1173 vitae
714 1098 885 1197 rusticae
907 1100 1014 1174 bona
1043 1104 1375 1177 commendaren-

330 1248 416 1307 tur,
457 1225 639 1298 delinitos
672 1229 829 1316 animos
844 1226 911 1297 ad
931 1228 1267 1327 agricolationem
1293 1225 1374 1297 ad·

331 1354 427 1425 duci
456 1344 583 1449 poffa,
632 1344 815 1446 censurffe
843 1352 1134 1425 Maecenatem.
1201 1350 1373 1423 Funda-

318 1492 505 1549 mentum
524 1490 661 1547 tamen
686 1476 940 1545 coniecturae
965 1476 1157 1547 idoneum
1186 1500 1271 1547 non
1293 1498 1370 1571 ap·

322 1616 441 1703 paret
446 1627 462 1686 ,·
503 1602 599 1699 quin
620 1622 671 1667 aa
693 1622 768 1669 nec
782 1595 888 1694 satis
911 1587 1134 1695 probabilis
1157 1594 1229 1695 effe
1249 1598 1369 1667 vio‘e-

269 1771 272 1786 ·
317 1742 411 1804 tur,
455 1748 547 1795 aum
579 1746 749 1793 carmini
785 1746 983 1799 maiorem
1010 1749 1115 1803 vim,
1166 1744 1370 1793 maiorem

324 1854 450 1923 ctiam
477 1844 763 1925 celebritatem,
808 1843 979 1925 tribuat,
1027 1873 1150 1947 quom
1170 1850 1272 1918 inter
1288 1842 1366 1914 lto-

314 1978 447 2046 ‘mines
469 1972 668 2047 indoctos,
701 1968 881 2065 seroces,
915 1994 990 2070 por
1009 1969 1280 2070 bellorumque
1306 1970 1365 2039 ci·

322 2098 467 2173 vilium
501 2094 706 2165 licentiam
739 2096 890 2191 rapinis
925 2096 1122 2193 caedique
1157 2092 1360 2190 adsuetos,

287 2220 405 2323 gullo
423 2219 557 2289 mo'clo
586 2222 790 2315 eapectari
811 2216 940 2317 poffit.
1005 2220 1096 2293 Hoc
1119 2216 1234 2315 forte
1255 2216 1362 2317 ficri

310 2318 469 2445 potuit,
504 2358 567 2420 vt,
605 2366 695 2413 cum
716 2342 849 2413 multa
867 2343 981 2442 apud
1003 2344 1281 2417 Maecenatem
1304 2338 1361 2411 da

297 2470 581 2544 ‘detrimenta
636 2492 743 2566 quae
782 2492 832 2538 ec
868 2466 1143 2566 agriculturae
1165 2458 1358 2566 ¹neglectu

317 2588 558 2691 reipublicae
579 2580 838 2688 inferrentur,
873 2608 913 2661 et
934 2592 987 2662 do
1007 2592 1138 2663 modis
1152 2614 1209 2661 ac
1228 2590 1357 2659 ratio·

316 2714 449 2796 nibus,
491 2712 629 2816 quibus
653 2718 705 2786 ei
743 2714 869 2786 lionos
898 2713 999 2812 suus
1029 2711 1181 2811 restitui
1209 2706 1354 2812 paffeb

316 2844 616 2940 disputarentur
629 2855 667 2910 at
690 2855 923 2939 agerentur,
960 2839 1125 2940 Virgilii
1144 2838 1355 2939 ingenium

302 2968 374 3039 'ad
393 2965 498 3035 lianc
527 2966 748 3035 materiam·
769 2961 988 3057 deferretur
1017 2966 1352 3058 excitanturque,

300 3106 358 3165 ot
395 3114 487 3159 eam
530 3091 708 3158 carmine
753 3088 1015 3161 tractantiam
1043 3082 1124 3181 fibi
1156 3082 1352 3181 sumeret.

300 3213 514 3286 ‘Carminis
554 3227 691 3283 tamen
737 3214 957 3282 auctoritas
995 3211 1110 3312 apud
1144 3212 1353 3283 Romanos

300 3334 390 3435 fuit
410 3332 596 3431 summa,
648 3340 890 3435 omninoque
910 3360 961 3407 en
990 3361 1039 3406 ca
1066 3334 1244 3435 pendent
1272 3331 1351 3409 Ca·

299 3456 476 3536 v'lamella
510 3475 549 3529 et
577 3458 750 3539 Plinius,
803 3455 972 3554 versibus
1002 3482 1160 3563 quoque
1183 3458 1350 3557 integris
1458 3519 1459 3542 ,

280 3582 528 3681 vadscriptis.
589 3584 676 3659 Nec
699 3587 845 3653 mirum
867 3583 966 3669 lroc;
1011 3606 1102 3653 cum
1121 3582 1351 3653 carminum

294 3704 453 3807 abique
480 3710 612 3777 maior
635 3710 747 3805 apud
774 3706 918 3808 vulgus
939 3724 978 3779 et
995 3706 1145 3808 politos
1166 3703 1347 3779 hominos

306 3836 445 3935 gratia
463 3828 536 3925 stt,
585 3856 710 3935 quam
731 3836 862 3932 operis
888 3832 1166 3936 philosophica
1180 3824 1345 3924 subtili·

287 3971 392 4031 aare
411 3954 621 4033 elaborati.

388 4078 523 4151 Vnum
538 4077 944 4154 adltucmonebimus.
993 4076 1147 4157 Hsfiodi
1162 4082 1212 4159 de
1225 4108 1346 4187 opere

290 4200 440 4285 rustico
467 4230 628 4277 carmen
654 4232 684 4277 a
715 4205 887 4304 Virgilio
914 4208 1141 4279 imitatione
1174 4205 1249 4306 effe
1275 4238 1344 4283 aa·

300 4326 492 4430 preffuru,
547 4330 727 4429 vulgaris
755 4346 796 4402 et
822 4326 1003 4430 constans
1022 4328 1118 4429 fere
1144 4359 1174 4406 a
1201 4335 1343 4408 Seruio
