2942 5067
312 363 390 440 au
427 362 942 460 ououo1cout1o.1
1073 371 1146 454 401
1209 310 1211 315 ’

110 550 171 615 esl'e
200 549 318 628 dorso,
357 551 388 612 h.
411 573 439 614 e.
468 551 549 612 binio
578 549 716 614 cruribus
746 552 781 611 in
813 549 946 612 sormam
979 549 1102 614 litterae
1120 553 1153 614 V

112 659 377 746 (Solrlltb'lzem)
407 675 564 742 aptatum3
609 657 707 717 binos
728 677 828 717 aures
846 659 992 728 tandem,
1024 659 1153 725 tabellae
1276 645 1281 652 ’

110 766 301 827 eVarroue
327 767 352 840 1,
378 785 471 847 ηψπ
501 779 685 826 memoratae
692 807 704 839 ,
759 768 879 826 vomeri
906 765 1025 831 additae
1065 767 1153 852 (dac

112 871 315 934 Streicltbret
340 871 411 933 rand
429 871 669 956 Moltcrbret),
692 865 748 932 'et
771 877 893 954 utrique
913 877 995 934 cruri
1024 877 1067 937 ita
1096 881 1154 938 im·

109 995 236 1060 pactae,
258 995 291 1040 vt
313 977 456 1062 impresso
476 985 511 1042 in
533 978 629 1042 solum
652 999 780 1040 vomere
801 993 883 1040 tetra
902 977 1044 1060 proscisso
1060 988 1154 1046 vuiu-

109 1107 173 1169 quc
202 1089 393 1150 accumulata
429 1091 463 1150 in
490 1086 588 1149 sulcos
626 1085 792 1146 attollatur.
863 1088 961 1146 Baris
987 1085 1031 1148 esi
1049 1105 1153 1172 temo,

100 1187 283 1274 sorossordcg
326 1191 386 1254 scil.
406 1195 534 1276 proprie
558 1213 629 1275 perr
653 1195 718 1253 eius
741 1190 865 1268 infima,
894 1207 927 1253 vt
945 1198 1008 1254 iam
1029 1197 1154 1262 Salmas

105 1303 142 1360 io
163 1299 261 1363 Solio.
280 1321 312 1382 p.
327 1303 391 1381 576
411 1301 526 1362 docuit.
582 1297 775 1382 Inspioieuda
796 1313 829 1361 et
852 1299 1065 1382 cognoscenda
1086 1305 1156 1370 lunt

101 1407 250 1491 -reliquat
281 1411 375 1468 etiam
395 1406 436 1468 dc
458 1421 560 1468 aratro
581 1404 759 1485 Hefiode03
787 1403 844 1468 nii
861 1407 946 1489 quod
962 1409 1065 1472 malim
1081 1433 1154 1474 eum

106 1511 291 1595 simpliciter
321 1509 511 1595 apposuisse,
553 1514 678 1600 qualem
711 1517 778 1575 eiua
809 1513 943 1574 sormam
968 1533 1004 1575 ac
1023 1516 1154 1598 speciem

107 1622 195 1702 apud
217 1625 354 1684 animum
376 1618 556 1706 effingeret,
578 1641 638 1683 nec
654 1620 694 1684 de
709 1618 837 1703 epochis
853 1627 1058 1685 mutationum
1073 1629 1156 1692 iuter

106 1729 297 1815 Aegyptior,
333 1729 470 1792 Graecos
477 1771 488 1805 ,
522 1743 554 1792 ct
575 1729 737 1792 Romanoa
760 1742 823 1788 tam
844 1728 940 1790 multa
963 1727 1023 1792 esse
1045 1733 1155 1795 ariola-

108 1851 194 1910 tum,
233 1855 313 1919 quac
335 1836 376 1897 ad
395 1835 548 1919 liquidum
572 1835 700 1917 perduci
723 1847 896 1919 nequeunt.
950 1837 1047 1919 Quod
1068 1846 1154 1903 enin

106 1941 215 2006 nostro
242 1959 385 2025 tempore
413 1941 479 2004 fieri
505 1943 663 2018 videmur,
707 1961 776 2004 nou
807 1947 910 2005 uriuur
943 1945 1019 2004 olim
1049 1947 1154 2011 locum

108 2027 237 2124 babuit,
270 2065 304 2112 vt
331 2053 365 2110 in
397 2046 522 2114 diuerso
550 2050 676 2132 populis
705 2035 748 2109 ac¹
769 2049 950 2134 regionibus
982 2049 1034 2114 seu
1065 2076 1154 2120 more
1220 2097 1224 2106 -

106 2164 263 2221 maiorum
288 2157 341 2219 seu
363 2153 418 2219 soli
434 2173 544 2220 natura
566 2157 666 2220 abnue
689 2153 867 2220 necessitate
887 2174 1016 2241 vrgeme
1036 2159 1156 2228 diuersa

108 2265 185 2328 esset
205 2269 299 2326 aratri
318 2265 437 2339 forma,
458 2269 707 2349 retinereturque
728 2264 866 2328 deterior
886 2265 990 2326 multis
1011 2271 1046 2328 in
1066 2270 1166 2349 socia„

108 2396 181 2434 cum
206 2377 241 2436 in
268 2371 333 2434 aliis
359 2371 476 2434 dudum
505 2377 635 2436 inuento
667 2388 699 2434 et
723 2373 919 2455 frequentata
942 2371 1018 2434 esset
1043 2379 1155 2441 melior

107 2499 141 2544 et
161 2479 361 2543 elaboratior.
410 2481 563 2554 Euoluat,
600 2485 649 2544 cui
671 2479 744 2542 talia
766 2478 965 2552 euraclum,
1010 2480 1153 2548 Paullum

106 2591 225 2654 Lucam
258 2587 411 2668 Voyages
436 2587 528 2650 Tom.
553 2588 578 2662 1,
601 2611 633 2671 p.
664 2591 731 2652 182.
783 2587 914 2648 Norden
944 2587 1084 2669 Voyage
1112 2615 1156 2654 cu

105 2699 238 2779 Egypte
256 2695 347 2755 Tom.
361 2694 387 2765 1,
401 2695 443 2776 pl.
459 2698 510 2759 56.
531 2696 603 2756 add.
621 2697 749 2778 Goguet
772 2695 865 2772 Orig.
889 2692 948 2755 des
966 2695 1054 2756 Loix
1073 2699 1111 2759 T.
1126 2700 1152 2776 I,

106 2825 140 2887 p.
161 2801 294 2886 184sqq.
339 2801 417 2863 Sunt
432 2807 578 2886 antiquae
593 2793 664 2863 artis
688 2813 803 2884 opera,
831 2805 866 2861 iu
886 2800 1000 2885 quibus
1019 2819 1155 2870 aratrum

106 2909 231 2974 vifitur:
260 2913 309 2972 vix
331 2925 436 2972 tamen
449 2914 612 2974 notionem
628 2923 801 2970 accuratam
816 2906 890 2969 inde
905 2907 1051 2993 consequi
1064 2913 1153 2980 licen

108 3019 225 3081 Comes
248 3018 287 3079 de
311 3017 430 3100 caysus
450 3017 589 3080 Recrter'l
608 3015 642 3076 d·
660 3015 855 3099 Antiquitas
876 3014 970 3076 Tum.
983 3017 1024 3092 V,
1044 3021 1088 3102 pl.
1101 3024 1156 3092 82.

105 3125 252 3190 Museum
272 3121 431 3186 Etruscum
454 3125 547 3192 Toni.
562 3125 588 3201 1,
604 3122 669 3190 tab.
688 3137 763 3184 extr.
780 3121 878 3204 δίου.
892 3120 1018 3186 Miscell.
1030 3147 1063 3208 p.
1080 3129 1154 3195 308.

107 3230 641 3296 1X.Wmcltelm.Moaum.iaed.
664 3253 697 3312 p.
718 3231 788 3294 105.
805 3292 807 3296 ,
837 3230 990 3294 Gemmae
1009 3251 1154 3318 aratrum,

108 3340 238 3404 obscure
261 3354 366 3400 tamen
373 3381 384 3414 ,
406 3340 577 3404 relerentes
591 3337 660 3402 sum
672 3336 751 3403 Mus.
766 3337 847 3400 Flor.
861 3337 954 3400 Tom.
967 3340 1008 3417 11,
1024 3344 1085 3407 tab.
1099 3356 1153 3428 42,

38 3479 42 3486 ·
108 3449 240 3510 Gorlaei
262 3447 450 3533 Dactyliotb.
464 3449 556 3509 Tom.
572 3447 613 3518 11.
632 3467 665 3513 u.
682 3447 754 3509 231.
812 3447 974 3522 aratrum,
1010 3453 1096 3537 quod
1119 3459 1155 3521 in

107 3559 236 3624 Hesiodi
253 3557 323 3628 edd.
339 3577 376 3621 ex
396 3573 460 3616 ant.
477 3553 568 3618 codd.
586 3551 768 3627 exhibetur,
807 3557 888 3620 etin
902 3555 1077 3626 Montsauc.
1095 3563 1154 3624 Pa.

106 3663 225 3750 laeogr.
250 3685 295 3748 gr.
310 3683 380 3745 p.9
414 3666 583 3751 repetitum
605 3657 666 3735 esi,
694 3659 814 3722 serioris
835 3651 891 3724 seu
911 3671 1081 3731 commenti
1102 3669 1153 3738 seu

107 3774 175 3838 rsus
198 3765 259 3834 csse
281 3785 385 3854 patet;
416 3791 487 3836 nam
503 3770 542 3832 ab
558 3764 695 3831 Hesiodo
711 3767 896 3849 adscriptum
915 3790 1011 3834 nemo
1033 3775 1153 3843 dixerit.

107 3879 252 3944 Formam
274 3882 380 3952 aratri,
434 3899 498 3964 quo
519 3893 605 3938 nunc
625 3877 790 3941 Mantuani
809 3895 848 3939 ac
862 3876 977 3941 Veneti
998 3883 1154 3962 agricolae

107 4003 255 4061 utuntur,
297 3985 357 4048 vu'a
385 4005 455 4049 cum
486 3985 549 4050 alio
579 3965 783 4068 cirqrrifitiorir
807 3979 993 4058 structurae,
1026 3989 1155 4076 Martyu

108 4099 241 4176 exprimi
263 4096 383 4154 curauit
404 4093 444 4159 ad
465 4115 497 4176 Ρ.
512 4079 565 4172 48.
612 4091 727 4153 verum
750 4106 861 4152 neutra
883 4089 982 4152 sonna
998 4115 1068 4154 cum
1083 4097 1155 4159 Vir.

107 4201 233 4287 gillanir
255 4199 355 4262 verbi·
376 4199 443 4264 satis
466 4205 626 4264 conuenit.
669 4197 843 4260 Videbatur
858 4195 912 4260 sibi
928 4201 1061 4282 Anglus,
1082 4209 1118 4268 A.
1128 4207 1153 4268 1.

109 4308 174 4372 des
190 4311 358 4372 Corrierer
386 4305 432 4392 (a
445 4309 668 4388 Differentiae
683 4329 726 4370 on
742 4305 882 4388 Virgil'r
900 4306 1099 4393 description
1116 4313 1161 4396 of
