2942 5067
185 359 534 440 eronurcou
569 361 844 456 maruan,
866 356 986 434 -500
1058 361 1134 462 755

101 555 186 647 Illa,
213 555 359 657 Quiset
377 573 456 640 me,
482 550 625 649 inquit,
645 545 832 638 miseram,
858 565 896 624 et
908 565 946 622 te
959 548 1133 649 perdidit,

720 684 888 783 Orpheu,

101 824 196 920 Quis
210 837 333 896 tantia
346 817 474 894 furor?
510 813 569 890 En
581 819 718 892 iterum
733 818 901 894 crudelia
921 837 1020 894 retro
1055 741 1137 918 hqd
1203 827 1206 838 '

99 963 188 1032 Fata
203 975 355 1049 vocant,
381 954 588 1053 conditque
600 925 764 1025 natantia
786 953 936 1028 lumina-
949 952 1108 1030 somnus.

100 1097 256 1192 Iamque
277 1090 372 1166 vale.
430 1085 546 1166 Feror
568 1091 711 1188 ingenti
729 1089 960 1164 circumdata
984 1109 1110 1182 nocte,

99 1225 363 1326 inualidasque
382 1223 451 1301 tibi
469 1225 646 1315 tendens,
678 1223 850 1300 hennon
870 1243 950 1318 tua,
972 1226 1136 1328 palmasl

99 1365 223 1451 Dixit,
255 1379 294 1436 et
307 1384 355 1434 ex
367 1359 486 1434 oculis
501 1359 642 1451 ¹subito,
676 1385 748 1434 ceu
770 1357 892 1436 fumus
916 1357 1084 1437 inauras

101 1501 322 1570 Gonmixtur
338 1503 470 1589 tenuis,
493 1495 588 1596 fugit
600 1493 760 1590 diuersa5
781 1523 908 1600 neque
919 1498 1037 1590 illum,
1057 1499 1134 1572 500

169 1715 220 1769 500
229 1710 313 1784 sugit
331 1717 363 1765 tra
382 1711 496 1783 diuersa
512 1711 611 1766 Medic.
633 1728 703 1766 am·
726 1715 776 1770 lac.
814 1712 932 1770 Alterum
950 1731 1010 1767 curn
1028 1712 1150 1786 poetico.

98 1796 144 1853 vlu
159 1799 291 1852 conuenit.
355 1845 364 1864 ,

103 1955 261 2014 Mam
302 1953 398 2015 Vides
418 1957 453 2014 in
470 1952 532 2017 hoc
546 1973 598 2016 ex·
638 1953 821 2036 respexerat.
870 1956 946 2038 Sup.
974 1955 1038 2036 488
1068 1973 1135 2018 erat

101 2057 240 2137 emplum
262 2057 433 2138 argutiolae
451 2061 598 2118 imitatio-
638 2055 816 2118 dementia.
851 2073 883 2118 et
904 2063 1070 2120 amantium
1086 2063 1135 2120 in-

100 2163 150 2221 nis
174 2155 275 2218 lludio
304 2157 459 2230 subortaer
500 2162 597 2220 Luca·
638 2159 721 2220 lania
748 2165 868 2243 quoties
896 2179 964 2223 non
990 2159 1033 2224 ell
1054 2164 1135 2224 cele·

100 2281 160 2322 nur
180 2281 239 2341 pro
258 2261 379 2345 fragore
400 2262 597 2324 exultationis
638 2262 1005 2344 hratapervoc.furere.
1017 2267 1132 2346 furor.

100 2362 219 2448 lignum
257 2365 375 2424 editum
409 2381 596 2440 narrauerat,
638 2355 890 2452 496.'natcrntia
908 2367 1046 2438 lumina,
1068 2391 1133 2430 mo.

99 2469 145 2527 ita
165 2469 249 2526 enirn
265 2465 349 2548 spem
369 2467 480 2529 fartam
495 2469 598 2528 Mani·
637 2467 779 2543 ribundi,
815 2474 934 2546 incerto
956 2474 1018 2534 iam
1045 2490 1135 2535 motu

100 2570 177 2642 hus,
220 2571 334 2630 iterum
361 2571 508 2632 audiendi
537 2571 598 2630 Or·
637 2569 837 2645 fluctuantih,
858 2569 925 2634 satia
942 2592 959 2632 a
974 2579 1045 2636 viria
1061 2576 1137 2636 doc«
1230 2643 1238 2664 ⁸

99 2671 185 2756 phiei
205 2687 319 2732 cauma.
376 2673 495 2748 Aliam,
529 2693 597 2734 non
637 2677 677 2734 th
710 2669 855 2734 illustrata
889 2673 967 2738 sunt,
1030 2677 1134 2738 Praei-

102 2779 329 2849 coniecturam,
382 2773 435 2837 red
483 2790 597 2838 certam
638 2767 924 2852 veratLucret.·lll,
942 2787 1006 2860 479
1041 2781 1135 2839 Naue

100 2875 299 2951 sententiam,
342 2883 493 2962 proponit
520 2877 597 2940 Vos·
638 2879 736 2940 oculi.
800 2877 989 2942 Illustrarunt
1022 2883 1134 2942 acidos

100 2979 176 3044 tius:
217 2984 340 3043 tonitru·
365 2979 596 3043 subterraneum
638 2997 811 3052 natantes,
841 2975 992 3062 ’ἵμματι
1039 2979 1133 3070 ὑγραὶ,

98 3100 208 3145 natum
222 3080 282 3144 elle
298 3104 335 3144 ex
349 3089 516 3158 arcenavi,
533 3105 596 3169 qna
636 3082 744 3168 peffirn
761 3089 818 3150 viri
835 3087 927 3148 docti.
1006 3087 1007 3101 ¹

99 3187 194 3250 Pluto
209 3185 386 3272 Eurydicen
408 3191 442 3248 in
459 3187 596 3250 Erebum

99 3287 238 3351 retrahit.
294 3290 432 3350 Eandem
456 3295 519 3351 vim
549 3312 598 3351 ar-

101 3413 222 3464 canam,
245 3412 306 3476 qna
325 3392 365 3452 ad
378 3391 596 3456 retrahendam

98 3495 236 3578 puellam
275 3515 354 3577 opus
391 3511 474 3568 erat,
523 3518 597 3557 mox

98 3597 264 3661 contendit
311 3599 509 3658 declaratam.
535 3594 597 3661 elle

98 3723 159 3786 per
181 3703 341 3763 furorem:
383 3703 456 3786 quis
484 3715 598 3763 tantus

91 3805 200 3888 furor
212 3803 225 3864 ἱ

712 3247 788 3322 499.
822 3241 921 3322 fugit
958 3241 996 3299 in
1032 3260 1135 3302 auras

639 3355 769 3414 tenues,
819 3357 853 3403 vt
875 3346 962 3404 'Aen
995 3343 1035 3420 V,
1070 3353 1134 3424 740

638 3446 784 3505 Dixerat
823 3461 856 3508 et
895 3447 1003 3508 renuis
1036 3449 1135 3529 sugit

639 3569 698 3608 eeu
717 3551 837 3629 firmus
857 3552 894 3608 r'rr
914 3569 1035 3621 aurae,
1073 3573 1133 3612 cerr

629 3653 751 3732 fumus
778 3655 972 3714 commixtus
997 3655 1036 3718 sc.
1063 3679 1134 3720 eum

639 3775 722 3816 aura.
783 3757 919 3818 Petitum
955 3771 1059 3818 antem
1096 3781 1135 3836 ert¹

637 3858 724 3921 Iliad
747 3857 793 3942 ψ,
821 3880 888 3922 roo.
918 3860 979 3922 vid.
1001 3859 1060 3920 alia
1084 3881 1134 3942 ap.
1168 3863 1171 3869 “

20 4027 25 4034 .
153 3957 228 4038 495.
258 3957 359 4040 Quis,
389 3958 463 4040 quis
482 3971 597 4018 tantur
638 3961 783 4035 Cerdarn.
846 3965 919 4027 500.
953 3963 1051 4041 fugit
1082 3961 1135 4022 Δι’-

90 4058 200 4141 snror
218 4058 385 4139 perdidit,
428 4079 509 4144 quae
538 4065 596 4122 irn-
636 4065 744 4142 versa,
764 4087 834 4126 cum
851 4071 885 4128 in
901 4065 1068 4139 diuersam,
1098 4087 1135 4128 ac

99 4162 284 4243 prudentia,
340 4167 594 4244 intemperantia,
637 4187 699 4250 qua
715 4167 858 4250 Orpheus
874 4166 1032 4240 tendebat,
1062 4189 1134 4249 par-

99 4263 162 4326 scil.
197 4267 327 4330 amentia
362 4265 499 4349 Orphei,
540 4272 606 4352 qui,
637 4283 712 4343 tem,
735 4268 765 4332 h.
781 4287 875 4346 retro,
898 4273 1078 4334 auferretur.
1100 4287 1140 4346 vt
1196 4326 1200 4338 ,
