2942 5067
368 400 444 487 234
469 412 488 457 ν’
694 402 997 482 ‹EXGVRSVS
1034 402 1076 477 ΙΙ

367 596 471 687 menia
487 588 604 652 coelum
620 593 680 653 iem
696 592 758 673 ipla
772 608 950 675 temporum
964 598 1044 655 ratio
1065 592 1213 672 excludi13
1236 589 1378 676 liquidem

366 694 500 757 florente
513 690 622 756 'uetere
646 694 789 778 Virgilius
817 695 880 757 hoc
903 717 1029 758 carmen
1050 694 1170 776 scripsit.
1218 696 1325 766 Eadem
1347 696 1380 753 de

367 796 465 861 coulla
486 798 589 859 locum
612 816 671 857 uec
690 796 785 859 hebet
802 798 840 861 P.
852 800 998 880 Affenirs
1021 797 1172 877 (scribitur
1187 813 1217 857 et
1230 796 1379 878 Alpheum

367 918 400 965 at
412 900 576 981 Atfinim)
593 900 715 974 Varus,
734 900 803 963 eor.
816 906 891 983 754,
909 901 1023 965 nobilis
1036 902 1139 978 lCtur,
1163 901 1202 961 ad
1215 920 1302 985 quero
1313 900 1378 960 mele

366 1006 500 1069 retulere
515 1004 637 1065 Horatii
652 1004 755 1065 locum
770 1006 833 1064 Sat.
849 1004 879 1079 l,
895 1004 928 1078 ὅ,
948 1008 1017 1069 130.

430 1108 533 1169 Alium
549 1106 712 1188 Affertum
726 1106 857 1169 Varum
874 1108 912 1168 ab
926 1102 1064 1191 Augusto
1078 1104 1309 1188 Transpadana
1321 1120 1379 1184 pro·

364 1214 485 1275 vinciae
505 1223 538 1271 et
558 1215 638 1292 agris
660 1209 838 1271 diuidundie
865 1210 1075 1292 praefectum,
1108 1232 1150 1273 ne
1176 1209 1297 1291 Virgilio
1321 1225 1380 1288 rget

365 1320 553 1397 eriperetur,
576 1308 708 1385 curalle,
732 1330 908 1377 memorant
920 1316 1071 1375 Sertricna
1086 1314 1126 1374 ad
1141 1314 1204 1373 Ecl.
1219 1312 1271 1385 Vl,
1285 1315 1302 1373 6
1315 1324 1342 1369 et
1352 1312 1381 1366 in

364 1417 605 1481 Pseudodonato
627 1412 646 1474 i.
670 1418 723 1479 30.
784 1417 877 1477 Hunc
911 1414 972 1479 elle
1005 1416 1047 1477 de
1079 1436 1146 1501 quo
1174 1414 1308 1497 Virgilius
1333 1408 1379 1469 luc

362 1520 429 1587 Ecl.
444 1520 498 1580 vL
515 1534 579 1579 tam
592 1518 754 1603 magnifice
768 1519 926 1602 loquitur,
956 1518 1121 1601 probabile
1136 1517 1236 1580 fieret:
1262 1514 1284 1576 fi
1301 1510 1379 1573 modo

364 1624 405 1687 de
418 1622 551 1685 hominis
565 1619 656 1681 rebus
672 1620 756 1682 bello
770 1618 860 1705 gellia
875 1622 993 1705 aliquid
1006 1620 1177 1695 constaret,
1205 1640 1281 1703 quae
1295 1632 1380 1678 tenue

362 1724 471 1801 etiem,
491 1740 524 1785 vt
545 1726 672 1784 carmini
691 1729 782 1805 epico
796 1730 956 1785 materiem
972 1719 1120 1787 idoneam
1133 1723 1317 1806 praeberent

451 1827 686 1913 Quinctilium,
720 1843 847 1887 acutum
869 1842 901 1889 et
920 1826 1061 1889 seuerum
1088 1829 1177 1889 illum
1197 1830 1321 1887 criticum
1338 1841 1379 1901 rp.

362 1932 472 2002 Horat.
486 1933 551 1994 Art.
567 1931 641 2009 458,
663 1929 702 1991 de
719 1933 805 1990 cuius
817 1946 919 1991 morte
935 1929 1048 1991 solatur
1060 1931 1224 2014 Virgilituu
1236 1926 1314 1987 suum
1326 1924 1379 1983 llo·

362 2042 458 2100 ratius
477 2034 493 2094 1
522 2034 624 2093 Carm.
650 2041 707 2111 24,
748 2048 781 2094 et
801 2054 896 2116 quem
920 2034 1132 2117 Hieronymus
1152 2032 1264 2093 Chron.
1286 2025 1377 2091 Euseb.

364 2134 607 2200 Cremonensem
633 2135 786 2216 appellat,
827 2150 955 2197 enotato
977 2142 1043 2197 eius
1072 2157 1158 2199 anno
1180 2132 1328 2197 emortuali
1347 2126 1379 2189 ad

363 2242 490 2325 Olymp.
511 2240 580 2319 189,
602 2259 614 2297 r
641 2238 691 2316 (V.
709 2237 746 2298 C.
761 2238 835 2319 730,
863 2254 934 2299 ante
957 2238 993 2299 C.
1014 2240 1054 2299 N.
1079 2243 1152 2321 24),
1184 2238 1264 2299 nullu
1282 2236 1378 2295 idonee

364 2344 545 2431 ¹auctoritate
563 2340 601 2403 V
595 2343 649 2399 ari
663 2345 851 2423 cognomine
866 2342 1027 2423 appellent
1042 2342 1259 2408 Grammatici,
1275 2339 1378 2399 Sentius

364 2445 404 2509 ed
416 2446 482 2507 Ecl.
498 2445 537 2517 V,
556 2463 607 2516 zo,
625 2459 656 2503 et
671 2442 773 2505 Sebol.
790 2446 900 2505 Horat.
930 2445 967 2508 cf.
983 2445 1110 2506 Ruaeus
1131 2447 1170 2505 ad
1182 2444 1243 2508 Ecl.
1258 2441 1306 2513 ti,
1320 2460 1344 2520 7.

450 2546 488 2631 Q.
510 2546 631 2607 Acium
653 2548 782 2607 Varum
803 2568 841 2608 ex
863 2547 999 2609 Caesaris
1027 2549 1204 2610 Commeat.
1232 2542 1321 2605 devii.
1345 2539 1377 2599 G.

361 2652 446 2725 Vlll,
464 2652 513 2714 28.
535 2650 569 2713 B.
586 2649 654 2711 Ciu.
670 2650 725 2723 ΙΙΙ,
742 2654 782 2731 37
804 2649 865 2711 huc
878 2667 968 2711 vocat
980 2652 1108 2716 Mertin.
1122 2656 1252 2713 nomime
1264 2648 1377 2710 fimilitu·

363 2756 436 2840 dine
451 2754 603 2815 inductus.
638 2753 678 2835 Q.
694 2754 790 2815 VAR.
806 2758 939 2815 occurrit
951 2758 986 2819 in
996 2754 1093 2817 Sarda
1107 2752 1288 2841 Dactylioth.
1300 2753 1375 2831 Lipp·

361 2858 641 2939 stmffimmp

445 2962 483 3021 L.
501 2960 623 3029 Varus,
644 2958 826 3043 Epicureus,
847 2954 984 3021 Caesarie
1000 2964 1129 3037 amictis,
1149 2973 1375 3033 memoraturtp·

362 3064 511 3147 Quinctil.
524 3063 549 3125 l.
564 3064 619 3125 Or.
634 3062 690 3136 VI,
706 3066 738 3136 3,
755 3066 807 3143 78.
848 3064 974 3123 Nullam
990 3060 1041 3123 hic
1059 3064 1202 3127 lectionis
1221 3066 1376 3125 varietatem

359 3183 499 3230 notatam
513 3166 621 3235 video:
648 3180 682 3226 vt
702 3186 761 3225 uec
781 3168 817 3225 in
833 3165 932 3227 altero
946 3166 1019 3227 loco
1033 3168 1170 3241 X1353·
1221 3161 1375 3243 Wrgilium

356 3266 565 3354 paucifftmos
584 3267 639 3327 dt'e
658 3266 869 3350 composuiffe
896 3268 1009 3345 uersus
1031 3286 1153 3331 auctor
1172 3267 1215 3348 est
1235 3268 1341 3331 Varus.

399 3396 401 3401 ’
429 3372 654 3455 indubitatum
676 3390 804 3454 quoque
825 3370 913 3435 Van·
927 3392 1045 3433 nomen
1061 3372 1105 3434 est
1119 3394 1167 3455 ap.
1184 3374 1285 3435 Horat
1299 3366 1324 3439 l,
1344 3360 1374 3423 13

359 3473 464 3535 Carm.
484 3474 638 3542 Nullam,
662 3472 773 3547 Vere,
795 3474 909 3552 saera.
957 3476 999 3535 Et
1010 3477 1114 3557 Epod.
1130 3478 1169 3552 V,
1187 3478 1238 3557 73,
1265 3469 1312 3531 vbi
1328 3464 1374 3524 Ct·

359 3577 444 3639 nidia
458 3580 492 3637 in
508 3598 579 3637 eum
587 3619 598 3651 ‚
624 3592 781 3659 tamquam
796 3574 1022 3639 inconstantem
1037 3596 1216 3652 amatorem,
1235 3574 1329 3637 saeuit

429 3676 515 3739 Nihil
529 3683 562 3739 in
576 3678 622 3741 his
638 3674 690 3750 est,
712 3698 776 3761 quo
789 3678 985 3742 manifestum
995 3679 1059 3755 fiat,
1080 3702 1123 3743 an
1137 3683 1178 3743 de
1192 3678 1297 3741 eodem
1305 3672 1373 3729 V⁸r⁰

358 3798 475 3866 agetur.
527 3782 591 3863 Qui
612 3782 734 3843 Horatii
754 3786 869 3843 amicus
887 3784 963 3858 luit,
998 3787 1104 3864 potuit
1124 3800 1157 3844 et
1176 3781 1291 3864 Virgilii
1310 3768 1373 3843 etiet

235 3928 238 3933 ,
358 3884 465 3951 Potuit
486 3884 570 3945 idem
588 3884 722 3948 Caesaris
742 3890 854 3950 amicus
870 3882 940 3947 elle.
985 3886 1047 3947 Pro
1069 3888 1181 3949 eodem
1200 3892 1298 3965 itaque
1317 3891 1373 3935 com

357 3990 393 4053 L.
410 3991 494 4050 Varo
510 3990 670 4071 Epicureo
680 3986 856 4049 habuerunt
869 4010 941 4049 eum
954 3992 1012 4049 viri
1025 3990 1128 4064 docti,
1158 3994 1193 4050 in
1205 3987 1249 4047 bis
1262 3974 1372 4045 Mallon

357 4094 421 4154 Vit.
435 4094 545 4154 Horat.
562 4114 594 4173 p.
610 4112 681 4153 arn.
724 4092 835 4153 Eidem
848 4092 929 4153 adeo
944 4106 977 4153 et
990 4090 1067 4154 baec
1078 4084 1372 4175 noegavttnscupa

246 4256 250 4267 ,
357 4198 455 4259 videri
469 4193 585 4277 potest:
615 4192 638 4255 st
658 4216 767 4257 verum
789 4193 842 4271 est,
863 4195 951 4279 quod
966 4196 1066 4257 Seruii
1087 4196 1127 4256 ad
1150 4216 1177 4256 v.
1191 4197 1242 4267 δι,
1268 4185 1371 4249 Procae

358 4302 393 4363 ln
408 4300 480 4361 Vite
493 4300 580 4383 Virg.
599 4320 627 4359 v.
642 4302 694 4375 63,
716 4300 836 4363 Donati
849 4302 884 4361 in
898 4298 938 4361 V.
954 4299 993 4359 V.
1011 4298 1031 4360 Ι.
1049 4318 1091 4381 79
1111 4298 1172 4360 fide
1189 4294 1320 4360 traditur,
1344 4286 1370 4340 il
