<?xml version="1.0" encoding="UTF-8"?>
<!DOCTYPE html PUBLIC "-//W3C//DTD XHTML 1.0 Transitional//EN"
    "http://www.w3.org/TR/xhtml1/DTD/xhtml1-transitional.dtd">
<html xmlns="http://www.w3.org/1999/xhtml" xml:lang="en" lang="en">
 <head>
  <title>
</title>
<meta http-equiv="Content-Type" content="text/html;charset=utf-8" />
  <meta name='ocr-system' content='tesseract 3.04.00' />
  <meta name='ocr-capabilities' content='ocr_page ocr_carea ocr_par ocr_line ocrx_word'/>
</head>
<body>
  <div class='ocr_page' id='page_1' title='image "./varietatelectio00heyngoog_0170.png"; bbox 0 0 2942 5067; ppageno 0'>
   <div class='ocr_carea' id='block_1_1' title="bbox 344 354 1167 485">
    <p class='ocr_par' dir='ltr' id='par_1_1' title="bbox 344 354 1167 485">
     <span class='ocr_line' id='line_1_1' title="bbox 344 354 1167 485; baseline 0.013 -58"><span class='ocrx_word' id='word_1_1' title='bbox 344 354 395 452; x_wconf 77' lang='lat'><em>96</em></span> <span class='ocrx_word' id='word_1_2' title='bbox 467 429 472 438; x_wconf 86' lang='grc'>,</span> <span class='ocrx_word' id='word_1_3' title='bbox 548 361 590 436; x_wconf 76' lang='grc' dir='ltr'><em>Ρ.</em></span> <span class='ocrx_word' id='word_1_4' title='bbox 612 361 867 485; x_wconf 71' lang='lat' dir='ltr'><em>mauu</em></span> <span class='ocrx_word' id='word_1_5' title='bbox 893 361 1167 438; x_wconf 70' lang='lat' dir='ltr'><em>usnoms-</em></span> 
     </span>
    </p>
   </div>
   <div class='ocr_carea' id='block_1_2' title="bbox 333 543 1400 4266">
    <p class='ocr_par' dir='ltr' id='par_1_2' title="bbox 333 543 1400 4266">
     <span class='ocr_line' id='line_1_2' title="bbox 345 543 1390 630; baseline 0.007 -24"><span class='ocrx_word' id='word_1_6' title='bbox 345 543 395 620; x_wconf 72' lang='lat' dir='ltr'><em>aei</em></span> <span class='ocrx_word' id='word_1_7' title='bbox 415 545 555 628; x_wconf 69' lang='lat' dir='ltr'><em>Sibyllae</em></span> <span class='ocrx_word' id='word_1_8' title='bbox 575 549 681 608; x_wconf 88' lang='lat' dir='ltr'><em>multa</em></span> <span class='ocrx_word' id='word_1_9' title='bbox 698 549 863 608; x_wconf 81' lang='lat' dir='ltr'><em>vaticinia</em></span> <span class='ocrx_word' id='word_1_10' title='bbox 885 549 1096 630; x_wconf 34' lang='lat' dir='ltr'><em>merebant,</em></span> <span class='ocrx_word' id='word_1_11' title='bbox 1126 551 1390 613; x_wconf 67' lang='lat' dir='ltr'><em>crassamento·</em></span> 
     </span>
     <span class='ocr_line' id='line_1_3' title="bbox 341 652 1390 736; baseline 0.005 -25"><span class='ocrx_word' id='word_1_12' title='bbox 341 675 419 736; x_wconf 68' lang='lat' dir='ltr'><em>mim</em></span> <span class='ocrx_word' id='word_1_13' title='bbox 448 657 579 730; x_wconf 76' lang='lat' dir='ltr'><em>generis</em></span> <span class='ocrx_word' id='word_1_14' title='bbox 609 656 743 714; x_wconf 86' lang='lat' dir='ltr'><em>omnino</em></span> <span class='ocrx_word' id='word_1_15' title='bbox 773 669 807 714; x_wconf 84' lang='lat' dir='ltr'><em>et</em></span> <span class='ocrx_word' id='word_1_16' title='bbox 833 652 920 714; x_wconf 85' lang='lat' dir='ltr'><em>alias</em></span> <span class='ocrx_word' id='word_1_17' title='bbox 946 659 1035 715; x_wconf 84' lang='lat' dir='ltr'><em>inter</em></span> <span class='ocrx_word' id='word_1_18' title='bbox 1056 659 1223 734; x_wconf 73' lang='lat' dir='ltr'><em>Romanos</em></span> <span class='ocrx_word' id='word_1_19' title='bbox 1244 674 1278 717; x_wconf 91' lang='lat' dir='ltr'><em>et</em></span> <span class='ocrx_word' id='word_1_20' title='bbox 1308 674 1390 717; x_wconf 75' lang='lat' dir='ltr'><em>turm</em></span> 
     </span>
     <span class='ocr_line' id='line_1_4' title="bbox 344 743 1392 842; baseline 0.004 -22"><span class='ocrx_word' id='word_1_21' title='bbox 344 743 447 842; x_wconf 72' lang='lat' dir='ltr'><em>multi</em></span> <span class='ocrx_word' id='word_1_22' title='bbox 469 762 576 839; x_wconf 73' lang='lat' dir='ltr'><em>magis</em></span> <span class='ocrx_word' id='word_1_23' title='bbox 595 776 668 820; x_wconf 88' lang='lat' dir='ltr'><em>erat</em></span> <span class='ocrx_word' id='word_1_24' title='bbox 691 781 815 838; x_wconf 80' lang='lat' dir='ltr'><em>magna</em></span> <span class='ocrx_word' id='word_1_25' title='bbox 837 765 1030 822; x_wconf 88' lang='lat' dir='ltr'><em>auctoritas.</em></span> <span class='ocrx_word' id='word_1_26' title='bbox 1092 763 1231 842; x_wconf 73' lang='lat' dir='ltr'><em>Collegit</em></span> <span class='ocrx_word' id='word_1_27' title='bbox 1262 787 1305 824; x_wconf 72' lang='lat' dir='ltr'><em>ex</em></span> <span class='ocrx_word' id='word_1_28' title='bbox 1326 766 1392 824; x_wconf 85' lang='lat' dir='ltr'><em>illa</em></span> 
     </span>
     <span class='ocr_line' id='line_1_5' title="bbox 343 867 1391 956; baseline 0 -27"><span class='ocrx_word' id='word_1_29' title='bbox 343 882 458 929; x_wconf 83' lang='lat' dir='ltr'><em>aetate</em></span> <span class='ocrx_word' id='word_1_30' title='bbox 486 868 623 927; x_wconf 89' lang='lat' dir='ltr'><em>oracula</em></span> <span class='ocrx_word' id='word_1_31' title='bbox 644 869 807 929; x_wconf 82' lang='lat' dir='ltr'><em>nonnulla</em></span> <span class='ocrx_word' id='word_1_32' title='bbox 830 869 989 956; x_wconf 54' lang='lat' dir='ltr'><em>Sibyllina</em></span> <span class='ocrx_word' id='word_1_33' title='bbox 1015 867 1186 931; x_wconf 78' lang='lat' dir='ltr'><em>Fabricius</em></span> <span class='ocrx_word' id='word_1_34' title='bbox 1215 872 1297 930; x_wconf 89' lang='lat' dir='ltr'><em>Bibl.</em></span> <span class='ocrx_word' id='word_1_35' title='bbox 1328 871 1391 936; x_wconf 87' lang='lat' dir='ltr'><em>Gr.</em></span> 
     </span>
     <span class='ocr_line' id='line_1_6' title="bbox 346 975 1392 1058; baseline 0.003 -24"><span class='ocrx_word' id='word_1_36' title='bbox 346 978 437 1039; x_wconf 82' lang='lat' dir='ltr'><em>Tam.</em></span> <span class='ocrx_word' id='word_1_37' title='bbox 450 978 485 1042; x_wconf 88' lang='lat' dir='ltr'><em>l.</em></span> <span class='ocrx_word' id='word_1_38' title='bbox 506 975 560 1033; x_wconf 84' lang='lat' dir='ltr'><em>lib.</em></span> <span class='ocrx_word' id='word_1_39' title='bbox 576 978 605 1043; x_wconf 81' lang='grc' dir='ltr'><em>Ι,</em></span> <span class='ocrx_word' id='word_1_40' title='bbox 626 997 653 1036; x_wconf 89' lang='lat' dir='ltr'><em>c.</em></span> <span class='ocrx_word' id='word_1_41' title='bbox 667 978 722 1044; x_wconf 79' lang='lat' dir='ltr'><em>so,</em></span> <span class='ocrx_word' id='word_1_42' title='bbox 742 977 782 1052; x_wconf 60' lang='lat' dir='ltr'><em>s.</em></span> <span class='ocrx_word' id='word_1_43' title='bbox 799 979 818 1039; x_wconf 89' lang='lat'>6</span> <span class='ocrx_word' id='word_1_44' title='bbox 824 975 902 1058; x_wconf 85' lang='lat' dir='ltr'><em>sqq.</em></span> <span class='ocrx_word' id='word_1_45' title='bbox 947 975 1015 1036; x_wconf 79' lang='lat' dir='ltr'><em>Sed</em></span> <span class='ocrx_word' id='word_1_46' title='bbox 1033 998 1103 1038; x_wconf 87' lang='lat' dir='ltr'><em>rem</em></span> <span class='ocrx_word' id='word_1_47' title='bbox 1113 977 1204 1054; x_wconf 83' lang='lat' dir='ltr'><em>satis</em></span> <span class='ocrx_word' id='word_1_48' title='bbox 1227 978 1392 1038; x_wconf 74' lang='lat' dir='ltr'><em>voionus</em></span> 
     </span>
     <span class='ocr_line' id='line_1_7' title="bbox 339 1066 1391 1162; baseline -0.001 -16"><span class='ocrx_word' id='word_1_49' title='bbox 339 1066 497 1146; x_wconf 46' lang='lat' dir='ltr'><em>&#39;Suetonii</em></span> <span class='ocrx_word' id='word_1_50' title='bbox 517 1081 607 1142; x_wconf 86' lang='lat' dir='ltr'><em>locus</em></span> <span class='ocrx_word' id='word_1_51' title='bbox 623 1084 739 1142; x_wconf 74' lang='lat' dir='ltr'><em>ocean.</em></span> <span class='ocrx_word' id='word_1_52' title='bbox 762 1103 788 1144; x_wconf 87' lang='lat' dir='ltr'><em>c.</em></span> <span class='ocrx_word' id='word_1_53' title='bbox 809 1085 847 1145; x_wconf 78' lang='lat'><em>31</em></span> <span class='ocrx_word' id='word_1_54' title='bbox 873 1081 1023 1142; x_wconf 81' lang='lat' dir='ltr'><em>declarat</em></span> <span class='ocrx_word' id='word_1_55' title='bbox 1029 1105 1043 1156; x_wconf 70' lang='grc' dir='ltr'><strong><em>ς</em></strong></span> <span class='ocrx_word' id='word_1_56' title='bbox 1065 1103 1141 1142; x_wconf 81' lang='lat' dir='ltr'><em>cum</em></span> <span class='ocrx_word' id='word_1_57' title='bbox 1162 1083 1331 1162; x_wconf 75' lang='lat' dir='ltr'><em>Augnslus</em></span> <span class='ocrx_word' id='word_1_58' title='bbox 1351 1087 1391 1145; x_wconf 86' lang='lat' dir='ltr'><em>li·</em></span> 
     </span>
     <span class='ocr_line' id='line_1_8' title="bbox 342 1187 1390 1274; baseline 0.003 -23"><span class='ocrx_word' id='word_1_59' title='bbox 342 1189 471 1251; x_wconf 79' lang='lat' dir='ltr'><strong>brorum</strong></span> <span class='ocrx_word' id='word_1_60' title='bbox 484 1188 680 1248; x_wconf 79' lang='lat' dir='ltr'><em>fatidicorum</em></span> <span class='ocrx_word' id='word_1_61' title='bbox 697 1189 808 1249; x_wconf 81' lang='lat' dir='ltr'><em>Graeci</em></span> <span class='ocrx_word' id='word_1_62' title='bbox 822 1189 985 1271; x_wconf 69' lang='lat' dir='ltr'><em>Latinique</em></span> <span class='ocrx_word' id='word_1_63' title='bbox 1001 1193 1133 1272; x_wconf 77' lang='lat' dir='ltr'><em>generis,</em></span> <span class='ocrx_word' id='word_1_64' title='bbox 1161 1187 1215 1274; x_wconf 75' lang='lat' dir='ltr'><em>qui</em></span> <span class='ocrx_word' id='word_1_65' title='bbox 1229 1191 1321 1252; x_wconf 83' lang='lat' dir='ltr'><em>nullis</em></span> <span class='ocrx_word' id='word_1_66' title='bbox 1337 1193 1390 1254; x_wconf 84' lang='lat' dir='ltr'><em>vel</em></span> 
     </span>
     <span class='ocr_line' id='line_1_9' title="bbox 341 1293 1391 1379; baseline 0.003 -24"><span class='ocrx_word' id='word_1_67' title='bbox 341 1316 453 1379; x_wconf 80' lang='lat' dir='ltr'><em>parum</em></span> <span class='ocrx_word' id='word_1_68' title='bbox 482 1297 603 1356; x_wconf 77' lang='lat' dir='ltr'>idoneis</span> <span class='ocrx_word' id='word_1_69' title='bbox 631 1293 808 1356; x_wconf 77' lang='lat' dir='ltr'><em>auctoribus</em></span> <span class='ocrx_word' id='word_1_70' title='bbox 830 1295 1029 1368; x_wconf 74' lang='lat' dir='ltr'><em>ferebantur,</em></span> <span class='ocrx_word' id='word_1_71' title='bbox 1057 1295 1166 1378; x_wconf 78' lang='lat' dir='ltr'><em>ssspra</em></span> <span class='ocrx_word' id='word_1_72' title='bbox 1189 1296 1257 1358; x_wconf 80' lang='lat' dir='ltr'><em>cluo</em></span> <span class='ocrx_word' id='word_1_73' title='bbox 1280 1299 1391 1358; x_wconf 85' lang='lat' dir='ltr'><em>millia</em></span> 
     </span>
     <span class='ocr_line' id='line_1_10' title="bbox 343 1402 1387 1485; baseline -0.001 -20"><span class='ocrx_word' id='word_1_74' title='bbox 343 1418 500 1465; x_wconf 76' lang='lat' dir='ltr'><em>contracte</em></span> <span class='ocrx_word' id='word_1_75' title='bbox 515 1402 652 1485; x_wconf 83' lang='lat' dir='ltr'><em>vndique</em></span> <span class='ocrx_word' id='word_1_76' title='bbox 666 1404 857 1462; x_wconf 74' lang='lat' dir='ltr'><em>cremauerit.</em></span> <span class='ocrx_word' id='word_1_77' title='bbox 900 1403 1023 1462; x_wconf 84' lang='lat' dir='ltr'><em>lamia</em></span> <span class='ocrx_word' id='word_1_78' title='bbox 1039 1423 1158 1481; x_wconf 77' lang='lat' dir='ltr'><em>magno</em></span> <span class='ocrx_word' id='word_1_79' title='bbox 1174 1405 1232 1464; x_wconf 89' lang='lat' dir='ltr'><em>illo</em></span> <span class='ocrx_word' id='word_1_80' title='bbox 1247 1425 1387 1464; x_wconf 79' lang='lat' dir='ltr'><em>nssmero</em></span> 
     </span>
     <span class='ocr_line' id='line_1_11' title="bbox 343 1509 1389 1593; baseline 0 -23"><span class='ocrx_word' id='word_1_81' title='bbox 343 1510 580 1570; x_wconf 75' lang='lat' dir='ltr'><em>vaticiniorum</em></span> <span class='ocrx_word' id='word_1_82' title='bbox 594 1523 628 1568; x_wconf 88' lang='lat' dir='ltr'><em>et</em></span> <span class='ocrx_word' id='word_1_83' title='bbox 645 1509 874 1575; x_wconf 82' lang='lat' dir='ltr'><em>oraculorum,</em></span> <span class='ocrx_word' id='word_1_84' title='bbox 905 1529 991 1591; x_wconf 87' lang='lat' dir='ltr'><em>quae</em></span> <span class='ocrx_word' id='word_1_85' title='bbox 1008 1510 1135 1588; x_wconf 87' lang='lat' dir='ltr'><em>partim</em></span> <span class='ocrx_word' id='word_1_86' title='bbox 1147 1509 1254 1593; x_wconf 85' lang='lat' dir='ltr'><em>super</em></span> <span class='ocrx_word' id='word_1_87' title='bbox 1266 1515 1389 1570; x_wconf 83' lang='lat' dir='ltr'><em>titione</em></span> 
     </span>
     <span class='ocr_line' id='line_1_12' title="bbox 340 1613 1388 1698; baseline 0.004 -24"><span class='ocrx_word' id='word_1_88' title='bbox 340 1618 468 1698; x_wconf 84' lang='lat' dir='ltr'><em>partim</em></span> <span class='ocrx_word' id='word_1_89' title='bbox 479 1613 665 1694; x_wconf 81' lang='lat' dir='ltr'><em>fraudibus</em></span> <span class='ocrx_word' id='word_1_90' title='bbox 677 1615 849 1675; x_wconf 74' lang='lat' dir='ltr'><em>bominum</em></span> <span class='ocrx_word' id='word_1_91' title='bbox 867 1614 1053 1690; x_wconf 84' lang='lat' dir='ltr'><em>celebrata,</em></span> <span class='ocrx_word' id='word_1_92' title='bbox 1085 1630 1119 1675; x_wconf 83' lang='lat' dir='ltr'><em>et</em></span> <span class='ocrx_word' id='word_1_93' title='bbox 1132 1614 1207 1690; x_wconf 78' lang='lat' dir='ltr'><em>fiete</em></span> <span class='ocrx_word' id='word_1_94' title='bbox 1217 1615 1285 1695; x_wconf 88' lang='lat' dir='ltr'><em>sub</em></span> <span class='ocrx_word' id='word_1_95' title='bbox 1308 1618 1388 1678; x_wconf 83' lang='lat' dir='ltr'><em>aliis</em></span> 
     </span>
     <span class='ocr_line' id='line_1_13' title="bbox 343 1719 1388 1805; baseline -0.001 -22"><span class='ocrx_word' id='word_1_96' title='bbox 343 1723 534 1804; x_wconf 82' lang='lat' dir='ltr'><em>nominibus</em></span> <span class='ocrx_word' id='word_1_97' title='bbox 552 1721 629 1798; x_wconf 83' lang='lat' dir='ltr'><em>siue</em></span> <span class='ocrx_word' id='word_1_98' title='bbox 645 1720 713 1799; x_wconf 88' lang='lat' dir='ltr'><em>sub</em></span> <span class='ocrx_word' id='word_1_99' title='bbox 737 1720 932 1802; x_wconf 73' lang='lat' dir='ltr'><em>Sibyllarum</em></span> <span class='ocrx_word' id='word_1_100' title='bbox 956 1725 1089 1782; x_wconf 83' lang='lat' dir='ltr'><em>nomine</em></span> <span class='ocrx_word' id='word_1_101' title='bbox 1106 1719 1224 1805; x_wconf 84' lang='lat' dir='ltr'><em>paffun</em></span> <span class='ocrx_word' id='word_1_102' title='bbox 1244 1723 1388 1782; x_wconf 84' lang='lat' dir='ltr'><em>vendita</em></span> 
     </span>
     <span class='ocr_line' id='line_1_14' title="bbox 336 1827 1386 1914; baseline 0 -24"><span class='ocrx_word' id='word_1_103' title='bbox 336 1829 458 1914; x_wconf 86' lang='lat' dir='ltr'><em>suere,</em></span> <span class='ocrx_word' id='word_1_104' title='bbox 481 1831 665 1909; x_wconf 73' lang='lat' dir='ltr'><em>vnitmsuit</em></span> <span class='ocrx_word' id='word_1_105' title='bbox 676 1827 831 1911; x_wconf 80' lang='lat' dir='ltr'><em>aliquod,</em></span> <span class='ocrx_word' id='word_1_106' title='bbox 855 1827 946 1912; x_wconf 75' lang='lat' dir='ltr'><em>quod</em></span> <span class='ocrx_word' id='word_1_107' title='bbox 964 1851 1122 1909; x_wconf 80' lang='lat' dir='ltr'><em>magnam</em></span> <span class='ocrx_word' id='word_1_108' title='bbox 1141 1831 1291 1912; x_wconf 80' lang='lat' dir='ltr'><em>aliquam</em></span> <span class='ocrx_word' id='word_1_109' title='bbox 1302 1831 1386 1908; x_wconf 84' lang='lat' dir='ltr'><em>seli-</em></span> 
     </span>
     <span class='ocr_line' id='line_1_15' title="bbox 346 1935 1386 2020; baseline -0.002 -22"><span class='ocrx_word' id='word_1_110' title='bbox 346 1943 484 1998; x_wconf 87' lang='lat' dir='ltr'><em>citatem</em></span> <span class='ocrx_word' id='word_1_111' title='bbox 503 1938 661 2018; x_wconf 71' lang='lat' dir='ltr'><em>fistulam</em></span> <span class='ocrx_word' id='word_1_112' title='bbox 688 1939 915 2018; x_wconf 77' lang='lat' dir='ltr'><em>promitteret,</em></span> <span class='ocrx_word' id='word_1_113' title='bbox 960 1940 1095 2020; x_wconf 62' lang='lat' dir='ltr'><em>diisque</em></span> <span class='ocrx_word' id='word_1_114' title='bbox 1131 1935 1386 2019; x_wconf 74' lang='lat' dir='ltr'><em>descriptionem</em></span> 
     </span>
     <span class='ocr_line' id='line_1_16' title="bbox 344 2042 1385 2126; baseline -0.002 -22"><span class='ocrx_word' id='word_1_115' title='bbox 344 2046 469 2119; x_wconf 88' lang='lat' dir='ltr'><em>abiis,</em></span> <span class='ocrx_word' id='word_1_116' title='bbox 512 2065 599 2126; x_wconf 87' lang='lat' dir='ltr'><em>quae</em></span> <span class='ocrx_word' id='word_1_117' title='bbox 628 2042 682 2102; x_wconf 79' lang='lat' dir='ltr'><em>de.</em></span> <span class='ocrx_word' id='word_1_118' title='bbox 692 2043 833 2120; x_wconf 84' lang='lat' dir='ltr'><em>sacculo</em></span> <span class='ocrx_word' id='word_1_119' title='bbox 862 2063 965 2102; x_wconf 89' lang='lat' dir='ltr'><em>aureo</em></span> <span class='ocrx_word' id='word_1_120' title='bbox 994 2044 1223 2124; x_wconf 68' lang='lat' dir='ltr'><strong><em>memorassem</em></strong></span> <span class='ocrx_word' id='word_1_121' title='bbox 1250 2059 1385 2126; x_wconf 85' lang='lat' dir='ltr'><em>poetae,</em></span> 
     </span>
     <span class='ocr_line' id='line_1_17' title="bbox 343 2149 1388 2232; baseline -0.002 -20"><span class='ocrx_word' id='word_1_122' title='bbox 343 2167 563 2214; x_wconf 77' lang='lat' dir='ltr'><em>mutuaretur.</em></span> <span class='ocrx_word' id='word_1_123' title='bbox 605 2151 692 2209; x_wconf 88' lang='lat' dir='ltr'><em>Erat</em></span> <span class='ocrx_word' id='word_1_124' title='bbox 715 2150 786 2210; x_wconf 90' lang='lat' dir='ltr'><em>alia</em></span> <span class='ocrx_word' id='word_1_125' title='bbox 809 2149 852 2210; x_wconf 89' lang='lat' dir='ltr'><em>ab</em></span> <span class='ocrx_word' id='word_1_126' title='bbox 873 2151 1021 2228; x_wconf 78' lang='lat' dir='ltr'><em>Etruscis</em></span> <span class='ocrx_word' id='word_1_127' title='bbox 1041 2152 1196 2232; x_wconf 87' lang='lat' dir='ltr'><em>prosecta</em></span> <span class='ocrx_word' id='word_1_128' title='bbox 1216 2152 1320 2231; x_wconf 88' lang='lat' dir='ltr'><em>sama</em></span> <span class='ocrx_word' id='word_1_129' title='bbox 1342 2150 1388 2210; x_wconf 90' lang='lat' dir='ltr'><em>de</em></span> 
     </span>
     <span class='ocr_line' id='line_1_18' title="bbox 345 2255 1385 2336; baseline 0.001 -19"><span class='ocrx_word' id='word_1_130' title='bbox 345 2273 420 2319; x_wconf 85' lang='lat' dir='ltr'><em>octo</em></span> <span class='ocrx_word' id='word_1_131' title='bbox 433 2257 581 2334; x_wconf 88' lang='lat' dir='ltr'><em>saeculis</em></span> <span class='ocrx_word' id='word_1_132' title='bbox 597 2258 692 2335; x_wconf 75' lang='lat' dir='ltr'><em>genti</em></span> <span class='ocrx_word' id='word_1_133' title='bbox 711 2258 872 2334; x_wconf 81' lang='lat' dir='ltr'><em>Etruscae</em></span> <span class='ocrx_word' id='word_1_134' title='bbox 895 2255 1001 2326; x_wconf 82' lang='lat' dir='ltr'><em>datis,</em></span> <span class='ocrx_word' id='word_1_135' title='bbox 1024 2273 1057 2317; x_wconf 86' lang='lat' dir='ltr'><em>et</em></span> <span class='ocrx_word' id='word_1_136' title='bbox 1080 2257 1123 2318; x_wconf 86' lang='lat' dir='ltr'><em>de</em></span> <span class='ocrx_word' id='word_1_137' title='bbox 1132 2258 1272 2336; x_wconf 84' lang='lat' dir='ltr'><em>saeculo</em></span> <span class='ocrx_word' id='word_1_138' title='bbox 1293 2279 1385 2318; x_wconf 82' lang='lat' dir='ltr'><em>nono</em></span> 
     </span>
     <span class='ocr_line' id='line_1_19' title="bbox 344 2361 1385 2448; baseline -0.002 -22"><span class='ocrx_word' id='word_1_139' title='bbox 344 2364 426 2426; x_wconf 82' lang='lat' dir='ltr'><em>inde</em></span> <span class='ocrx_word' id='word_1_140' title='bbox 446 2387 470 2423; x_wconf 88' lang='lat' dir='ltr'><em>a</em></span> <span class='ocrx_word' id='word_1_141' title='bbox 491 2363 583 2424; x_wconf 81' lang='lat' dir='ltr'><em>Sulla</em></span> <span class='ocrx_word' id='word_1_142' title='bbox 604 2361 740 2441; x_wconf 69' lang='lat' dir='ltr'><em>exorso,</em></span> <span class='ocrx_word' id='word_1_143' title='bbox 774 2379 844 2422; x_wconf 86' lang='lat' dir='ltr'><em>tum</em></span> <span class='ocrx_word' id='word_1_144' title='bbox 864 2361 908 2422; x_wconf 85' lang='lat' dir='ltr'><em>de</em></span> <span class='ocrx_word' id='word_1_145' title='bbox 932 2363 1078 2438; x_wconf 87' lang='lat' dir='ltr'><em>decimo,</em></span> <span class='ocrx_word' id='word_1_146' title='bbox 1107 2363 1241 2448; x_wconf 72' lang='lat' dir='ltr'><em>periodi</em></span> <span class='ocrx_word' id='word_1_147' title='bbox 1259 2386 1385 2436; x_wconf 87' lang='lat' dir='ltr'><em>rerum,</em></span> 
     </span>
     <span class='ocr_line' id='line_1_20' title="bbox 347 2471 1385 2556; baseline -0.002 -24"><span class='ocrx_word' id='word_1_148' title='bbox 347 2492 434 2556; x_wconf 77' lang='lat' dir='ltr'><em>qrtae</em></span> <span class='ocrx_word' id='word_1_149' title='bbox 455 2486 523 2530; x_wconf 90' lang='lat' dir='ltr'><em>tum</em></span> <span class='ocrx_word' id='word_1_150' title='bbox 545 2484 638 2538; x_wconf 87' lang='lat' dir='ltr'><em>erat,</em></span> <span class='ocrx_word' id='word_1_151' title='bbox 658 2471 741 2551; x_wconf 82' lang='lat' dir='ltr'><em>fine.</em></span> <span class='ocrx_word' id='word_1_152' title='bbox 771 2472 812 2550; x_wconf 88' lang='lat' dir='ltr'><em>cf.</em></span> <span class='ocrx_word' id='word_1_153' title='bbox 829 2471 994 2548; x_wconf 63' lang='lat' dir='ltr'><em>Censorius.</em></span> <span class='ocrx_word' id='word_1_154' title='bbox 1016 2495 1043 2535; x_wconf 92' lang='lat' dir='ltr'><em>c.</em></span> <span class='ocrx_word' id='word_1_155' title='bbox 1065 2493 1110 2553; x_wconf 70' lang='lat'><em>17.</em></span> <span class='ocrx_word' id='word_1_156' title='bbox 1156 2473 1325 2532; x_wconf 74' lang='lat' dir='ltr'><em>Plutarch.</em></span> <span class='ocrx_word' id='word_1_157' title='bbox 1347 2475 1385 2530; x_wconf 85' lang='lat' dir='ltr'><em>ia</em></span> 
     </span>
     <span class='ocr_line' id='line_1_21' title="bbox 347 2576 1382 2662; baseline 0.004 -26"><span class='ocrx_word' id='word_1_158' title='bbox 347 2579 440 2638; x_wconf 85' lang='lat' dir='ltr'><em>Sulla</em></span> <span class='ocrx_word' id='word_1_159' title='bbox 455 2599 490 2660; x_wconf 91' lang='lat' dir='ltr'><em>p.</em></span> <span class='ocrx_word' id='word_1_160' title='bbox 502 2579 567 2656; x_wconf 73' lang='grc'><em>456</em></span> <span class='ocrx_word' id='word_1_161' title='bbox 595 2576 639 2636; x_wconf 83' lang='lat' dir='ltr'><em>A.</em></span> <span class='ocrx_word' id='word_1_162' title='bbox 659 2579 832 2658; x_wconf 55' lang='lat' dir='ltr'><em>(miniariis</em></span> <span class='ocrx_word' id='word_1_163' title='bbox 848 2576 1019 2656; x_wconf 55' lang='lat' dir='ltr'><em>vestigium</em></span> <span class='ocrx_word' id='word_1_164' title='bbox 1032 2579 1172 2662; x_wconf 82' lang='lat' dir='ltr'><em>aliquod</em></span> <span class='ocrx_word' id='word_1_165' title='bbox 1184 2576 1277 2659; x_wconf 87' lang='lat' dir='ltr'><em>apud</em></span> <span class='ocrx_word' id='word_1_166' title='bbox 1289 2581 1382 2640; x_wconf 84' lang='lat' dir='ltr'><em>Seru.</em></span> 
     </span>
     <span class='ocr_line' id='line_1_22' title="bbox 343 2659 1382 2765; baseline -0.003 -18"><span class='ocrx_word' id='word_1_167' title='bbox 343 2683 393 2747; x_wconf 74' lang='lat' dir='ltr'><em>ad</em></span> <span class='ocrx_word' id='word_1_168' title='bbox 411 2659 481 2746; x_wconf 84' lang='lat' dir='ltr'><em>Ecl.</em></span> <span class='ocrx_word' id='word_1_169' title='bbox 496 2685 555 2757; x_wconf 86' lang='grc' dir='ltr'><em>ΙΧ,</em></span> <span class='ocrx_word' id='word_1_170' title='bbox 571 2693 612 2764; x_wconf 73' lang='grc'><em>47</em></span> <span class='ocrx_word' id='word_1_171' title='bbox 657 2681 702 2760; x_wconf 79' lang='lat' dir='ltr'><em>esl</em></span> <span class='ocrx_word' id='word_1_172' title='bbox 731 2683 775 2744; x_wconf 83' lang='lat' dir='ltr'><em>de</em></span> <span class='ocrx_word' id='word_1_173' title='bbox 797 2685 878 2743; x_wconf 74' lang='lat' dir='ltr'><em>uisui</em></span> <span class='ocrx_word' id='word_1_174' title='bbox 896 2685 1027 2762; x_wconf 82' lang='lat' dir='ltr'><em>saeculi</em></span> <span class='ocrx_word' id='word_1_175' title='bbox 1053 2688 1146 2744; x_wconf 81' lang='lat' dir='ltr'><em>exitu</em></span> <span class='ocrx_word' id='word_1_176' title='bbox 1176 2699 1210 2745; x_wconf 90' lang='lat' dir='ltr'><em>et</em></span> <span class='ocrx_word' id='word_1_177' title='bbox 1237 2687 1382 2765; x_wconf 71' lang='lat' dir='ltr'><em>ingressu</em></span> 
     </span>
     <span class='ocr_line' id='line_1_23' title="bbox 344 2789 1384 2870; baseline -0.003 -17"><span class='ocrx_word' id='word_1_178' title='bbox 344 2791 474 2853; x_wconf 81' lang='lat' dir='ltr'><em>decimi.</em></span> <span class='ocrx_word' id='word_1_179' title='bbox 524 2793 610 2850; x_wconf 85' lang='lat' dir='ltr'><em>Erat</em></span> <span class='ocrx_word' id='word_1_180' title='bbox 637 2792 708 2850; x_wconf 90' lang='lat' dir='ltr'><em>alia</em></span> <span class='ocrx_word' id='word_1_181' title='bbox 737 2789 780 2850; x_wconf 82' lang='lat' dir='ltr'><em>de</em></span> <span class='ocrx_word' id='word_1_182' title='bbox 800 2812 922 2870; x_wconf 78' lang='lat' dir='ltr'><em>magno</em></span> <span class='ocrx_word' id='word_1_183' title='bbox 946 2813 1036 2868; x_wconf 83' lang='lat' dir='ltr'><em>anno</em></span> <span class='ocrx_word' id='word_1_184' title='bbox 1058 2807 1209 2852; x_wconf 78' lang='lat' dir='ltr'><em>vertente</em></span> <span class='ocrx_word' id='word_1_185' title='bbox 1228 2813 1248 2850; x_wconf 89' lang='lat' dir='ltr'><em>e</em></span> <span class='ocrx_word' id='word_1_186' title='bbox 1267 2793 1384 2851; x_wconf 85' lang='lat' dir='ltr'><em>Plato-</em></span> 
     </span>
     <span class='ocr_line' id='line_1_24' title="bbox 345 2900 1384 2983; baseline 0 -24"><span class='ocrx_word' id='word_1_187' title='bbox 345 2902 430 2959; x_wconf 84' lang='lat' dir='ltr'><em>nicis</em></span> <span class='ocrx_word' id='word_1_188' title='bbox 457 2914 492 2959; x_wconf 88' lang='lat' dir='ltr'><em>et</em></span> <span class='ocrx_word' id='word_1_189' title='bbox 521 2900 640 2959; x_wconf 80' lang='lat' dir='ltr'><em>Stoicis</em></span> <span class='ocrx_word' id='word_1_190' title='bbox 667 2901 778 2982; x_wconf 84' lang='lat' dir='ltr'><em>petita</em></span> <span class='ocrx_word' id='word_1_191' title='bbox 813 2901 942 2982; x_wconf 83' lang='lat' dir='ltr'><em>opinio,</em></span> <span class='ocrx_word' id='word_1_192' title='bbox 990 2921 1055 2983; x_wconf 85' lang='lat' dir='ltr'><em>quo</em></span> <span class='ocrx_word' id='word_1_193' title='bbox 1089 2903 1234 2959; x_wconf 88' lang='lat' dir='ltr'><em>omnium</em></span> <span class='ocrx_word' id='word_1_194' title='bbox 1269 2919 1384 2959; x_wconf 84' lang='lat' dir='ltr'><em>rerum</em></span> 
     </span>
     <span class='ocr_line' id='line_1_25' title="bbox 346 2999 1385 3088; baseline -0.006 -18"><span class='ocrx_word' id='word_1_195' title='bbox 346 3003 553 3078; x_wconf 73' lang='lat' dir='ltr'><em>iustissima</em></span> <span class='ocrx_word' id='word_1_196' title='bbox 575 3022 609 3067; x_wconf 87' lang='lat' dir='ltr'><em>et</em></span> <span class='ocrx_word' id='word_1_197' title='bbox 630 2999 875 3076; x_wconf 66' lang='grc' dir='ltr'><em>ἀποκατάστασις</em></span> <span class='ocrx_word' id='word_1_198' title='bbox 897 2999 973 3086; x_wconf 58' lang='grc' dir='ltr'><em>εᾸῙει</em></span> <span class='ocrx_word' id='word_1_199' title='bbox 990 3010 1129 3088; x_wconf 81' lang='lat' dir='ltr'><em>sutura,</em></span> <span class='ocrx_word' id='word_1_200' title='bbox 1157 3021 1227 3065; x_wconf 88' lang='lat' dir='ltr'><em>tum</em></span> <span class='ocrx_word' id='word_1_201' title='bbox 1246 3006 1317 3064; x_wconf 85' lang='lat' dir='ltr'><em>alia</em></span> <span class='ocrx_word' id='word_1_202' title='bbox 1340 3005 1385 3065; x_wconf 81' lang='lat' dir='ltr'><em>de</em></span> 
     </span>
     <span class='ocr_line' id='line_1_26' title="bbox 344 3111 1383 3194; baseline -0.001 -22"><span class='ocrx_word' id='word_1_203' title='bbox 344 3135 465 3193; x_wconf 79' lang='lat' dir='ltr'><em>magno</em></span> <span class='ocrx_word' id='word_1_204' title='bbox 492 3117 583 3191; x_wconf 72' lang='lat' dir='ltr'><em>Rege</em></span> <span class='ocrx_word' id='word_1_205' title='bbox 614 3129 756 3173; x_wconf 82' lang='lat' dir='ltr'><em>venturo</em></span> <span class='ocrx_word' id='word_1_206' title='bbox 778 3113 904 3192; x_wconf 87' lang='lat' dir='ltr'><em>sama:</em></span> <span class='ocrx_word' id='word_1_207' title='bbox 959 3111 1027 3177; x_wconf 81' lang='lat' dir='ltr'><em>oid.</em></span> <span class='ocrx_word' id='word_1_208' title='bbox 1061 3115 1193 3174; x_wconf 85' lang='lat' dir='ltr'><em>Sueton.</em></span> <span class='ocrx_word' id='word_1_209' title='bbox 1219 3113 1309 3190; x_wconf 77' lang='lat' dir='ltr'><em>Artg.</em></span> <span class='ocrx_word' id='word_1_210' title='bbox 1331 3123 1383 3194; x_wconf 81' lang='lat'><em>94.</em></span> 
     </span>
     <span class='ocr_line' id='line_1_27' title="bbox 345 3219 1384 3308; baseline 0 -30"><span class='ocrx_word' id='word_1_211' title='bbox 345 3221 567 3305; x_wconf 79' lang='lat' dir='ltr'><em>Quaecunque</em></span> <span class='ocrx_word' id='word_1_212' title='bbox 597 3235 710 3280; x_wconf 85' lang='lat' dir='ltr'><em>autem</em></span> <span class='ocrx_word' id='word_1_213' title='bbox 735 3223 772 3278; x_wconf 86' lang='lat' dir='ltr'><em>in</em></span> <span class='ocrx_word' id='word_1_214' title='bbox 796 3219 860 3280; x_wconf 84' lang='lat' dir='ltr'><em>ltoc</em></span> <span class='ocrx_word' id='word_1_215' title='bbox 877 3239 1000 3298; x_wconf 79' lang='lat' dir='ltr'><em>genere</em></span> <span class='ocrx_word' id='word_1_216' title='bbox 1019 3219 1253 3308; x_wconf 66' lang='lat' dir='ltr'><em>descriptiones</em></span> <span class='ocrx_word' id='word_1_217' title='bbox 1273 3243 1384 3280; x_wconf 87' lang='lat' dir='ltr'><em>nouae</em></span> 
     </span>
     <span class='ocr_line' id='line_1_28' title="bbox 333 3325 1400 3408; baseline 0.001 -23"><span class='ocrx_word' id='word_1_218' title='bbox 333 3328 515 3408; x_wconf 74' lang='lat' dir='ltr'><em>felicitatis</em></span> <span class='ocrx_word' id='word_1_219' title='bbox 536 3326 713 3394; x_wconf 81' lang='lat' dir='ltr'><em>babemus,</em></span> <span class='ocrx_word' id='word_1_220' title='bbox 729 3325 806 3402; x_wconf 82' lang='lat' dir='ltr'><em>stuc</em></span> <span class='ocrx_word' id='word_1_221' title='bbox 824 3331 860 3386; x_wconf 87' lang='lat' dir='ltr'><em>iu</em></span> <span class='ocrx_word' id='word_1_222' title='bbox 878 3331 1021 3388; x_wconf 82' lang='lat' dir='ltr'><em>Orientis</em></span> <span class='ocrx_word' id='word_1_223' title='bbox 1032 3327 1108 3405; x_wconf 85' lang='lat' dir='ltr'><em>siue</em></span> <span class='ocrx_word' id='word_1_224' title='bbox 1130 3331 1166 3386; x_wconf 87' lang='lat' dir='ltr'><em>in</em></span> <span class='ocrx_word' id='word_1_225' title='bbox 1184 3327 1323 3390; x_wconf 79' lang='lat' dir='ltr'><em>Graecis</em></span> <span class='ocrx_word' id='word_1_226' title='bbox 1340 3345 1400 3386; x_wconf 83' lang='lat' dir='ltr'><em>aa·</em></span> 
     </span>
     <span class='ocr_line' id='line_1_29' title="bbox 342 3433 1382 3516; baseline 0.001 -23"><span class='ocrx_word' id='word_1_227' title='bbox 342 3435 501 3493; x_wconf 76' lang='lat' dir='ltr'><em>Romanis</em></span> <span class='ocrx_word' id='word_1_228' title='bbox 515 3437 644 3515; x_wconf 83' lang='lat' dir='ltr'><em>poetis,</em></span> <span class='ocrx_word' id='word_1_229' title='bbox 673 3453 785 3493; x_wconf 87' lang='lat' dir='ltr'><em>omnes</em></span> <span class='ocrx_word' id='word_1_230' title='bbox 795 3436 879 3516; x_wconf 73' lang='lat' dir='ltr'><em>fere</em></span> <span class='ocrx_word' id='word_1_231' title='bbox 901 3439 990 3494; x_wconf 87' lang='lat' dir='ltr'><em>inter</em></span> <span class='ocrx_word' id='word_1_232' title='bbox 1000 3435 1043 3512; x_wconf 88' lang='lat' dir='ltr'><em>se</em></span> <span class='ocrx_word' id='word_1_233' title='bbox 1054 3433 1181 3512; x_wconf 76' lang='lat' dir='ltr'><em>smiles</em></span> <span class='ocrx_word' id='word_1_234' title='bbox 1192 3436 1298 3510; x_wconf 71' lang='lat' dir='ltr'><em>ssent:</em></span> <span class='ocrx_word' id='word_1_235' title='bbox 1326 3433 1382 3494; x_wconf 88' lang='lat' dir='ltr'><em>be-</em></span> 
     </span>
     <span class='ocr_line' id='line_1_30' title="bbox 335 3537 1379 3624; baseline 0.001 -25"><span class='ocrx_word' id='word_1_236' title='bbox 335 3537 426 3617; x_wconf 80' lang='lat' dir='ltr'><em>sliae</em></span> <span class='ocrx_word' id='word_1_237' title='bbox 448 3561 491 3599; x_wconf 89' lang='lat' dir='ltr'><em>ac</em></span> <span class='ocrx_word' id='word_1_238' title='bbox 507 3541 613 3621; x_wconf 87' lang='lat' dir='ltr'><em>serae</em></span> <span class='ocrx_word' id='word_1_239' title='bbox 632 3543 773 3614; x_wconf 82' lang='lat' dir='ltr'><em>cicures,</em></span> <span class='ocrx_word' id='word_1_240' title='bbox 791 3541 967 3624; x_wconf 77' lang='lat' dir='ltr'><em>serpentes</em></span> <span class='ocrx_word' id='word_1_241' title='bbox 980 3545 1131 3616; x_wconf 85' lang='lat' dir='ltr'><em>innocui,</em></span> <span class='ocrx_word' id='word_1_242' title='bbox 1152 3545 1274 3622; x_wconf 77' lang='lat' dir='ltr'><em>fruges</em></span> <span class='ocrx_word' id='word_1_243' title='bbox 1285 3542 1379 3600; x_wconf 85' lang='lat' dir='ltr'><em>nullo</em></span> 
     </span>
     <span class='ocr_line' id='line_1_31' title="bbox 344 3645 1381 3730; baseline 0.004 -27"><span class='ocrx_word' id='word_1_244' title='bbox 344 3647 435 3706; x_wconf 81' lang='lat' dir='ltr'><em>cultu</em></span> <span class='ocrx_word' id='word_1_245' title='bbox 459 3662 580 3707; x_wconf 83' lang='lat' dir='ltr'><em>enatae</em></span> <span class='ocrx_word' id='word_1_246' title='bbox 587 3689 597 3722; x_wconf 89' lang='lat'><strong><em>,</em></strong></span> <span class='ocrx_word' id='word_1_247' title='bbox 627 3669 721 3706; x_wconf 86' lang='lat' dir='ltr'><em>mare</em></span> <span class='ocrx_word' id='word_1_248' title='bbox 736 3645 925 3730; x_wconf 84' lang='lat' dir='ltr'><em>placidum,</em></span> <span class='ocrx_word' id='word_1_249' title='bbox 949 3647 1000 3708; x_wconf 83' lang='lat' dir='ltr'><em>dii</em></span> <span class='ocrx_word' id='word_1_250' title='bbox 1011 3649 1203 3730; x_wconf 66' lang='lat' dir='ltr'><em>praesentes</em></span> <span class='ocrx_word' id='word_1_251' title='bbox 1222 3651 1258 3707; x_wconf 86' lang='lat' dir='ltr'><em>in</em></span> <span class='ocrx_word' id='word_1_252' title='bbox 1281 3652 1381 3707; x_wconf 82' lang='lat' dir='ltr'><em>terris</em></span> 
     </span>
     <span class='ocr_line' id='line_1_32' title="bbox 341 3751 1379 3836; baseline 0.003 -25"><span class='ocrx_word' id='word_1_253' title='bbox 341 3753 478 3836; x_wconf 85' lang='lat' dir='ltr'><em>aliaque</em></span> <span class='ocrx_word' id='word_1_254' title='bbox 497 3753 714 3816; x_wconf 83' lang='lat' dir='ltr'><em>eiusmodi-in</em></span> <span class='ocrx_word' id='word_1_255' title='bbox 736 3753 888 3814; x_wconf 86' lang='lat' dir='ltr'><em>omnibus</em></span> <span class='ocrx_word' id='word_1_256' title='bbox 908 3751 1143 3818; x_wconf 76' lang='lat' dir='ltr'><em>memorantur.</em></span> <span class='ocrx_word' id='word_1_257' title='bbox 1185 3755 1322 3816; x_wconf 86' lang='lat' dir='ltr'><em>Nullum</em></span> <span class='ocrx_word' id='word_1_258' title='bbox 1341 3757 1379 3814; x_wconf 81' lang='lat' dir='ltr'><em>ia</em></span> 
     </span>
     <span class='ocr_line' id='line_1_33' title="bbox 340 3858 1377 3944; baseline 0.004 -28"><span class='ocrx_word' id='word_1_259' title='bbox 340 3858 391 3918; x_wconf 82' lang='lat' dir='ltr'><em>itis</em></span> <span class='ocrx_word' id='word_1_260' title='bbox 414 3861 617 3941; x_wconf 76' lang='lat' dir='ltr'><em>phantasma</em></span> <span class='ocrx_word' id='word_1_261' title='bbox 645 3859 710 3937; x_wconf 68' lang='lat' dir='ltr'><em>esi,</em></span> <span class='ocrx_word' id='word_1_262' title='bbox 758 3859 851 3944; x_wconf 83' lang='lat' dir='ltr'><em>quod</em></span> <span class='ocrx_word' id='word_1_263' title='bbox 876 3883 942 3921; x_wconf 87' lang='lat' dir='ltr'><em>non</em></span> <span class='ocrx_word' id='word_1_264' title='bbox 965 3883 1055 3922; x_wconf 73' lang='lat' dir='ltr'><em>inens</em></span> <span class='ocrx_word' id='word_1_265' title='bbox 1078 3864 1226 3922; x_wconf 68' lang='lat' dir='ltr'><em>bruniana</em></span> <span class='ocrx_word' id='word_1_266' title='bbox 1253 3882 1377 3940; x_wconf 77' lang='lat' dir='ltr'><em>magua</em></span> 
     </span>
     <span class='ocr_line' id='line_1_34' title="bbox 336 3945 1381 4052; baseline 0.001 -26"><span class='ocrx_word' id='word_1_267' title='bbox 336 3945 430 4026; x_wconf 29' lang='lat' dir='ltr'><em>&#39;metu</em></span> <span class='ocrx_word' id='word_1_268' title='bbox 452 3983 608 4029; x_wconf 88' lang='lat' dir='ltr'><em>contacta</em></span> <span class='ocrx_word' id='word_1_269' title='bbox 629 3971 801 4052; x_wconf 75' lang='lat' dir='ltr'><em>concipere</em></span> <span class='ocrx_word' id='word_1_270' title='bbox 816 3966 931 4050; x_wconf 76' lang='lat' dir='ltr'><em>pqfflt,</em></span> <span class='ocrx_word' id='word_1_271' title='bbox 959 3969 990 4045; x_wconf 86' lang='lat' dir='ltr'><em>si</em></span> <span class='ocrx_word' id='word_1_272' title='bbox 1009 3967 1058 4028; x_wconf 82' lang='lat' dir='ltr'><em>ad</em></span> <span class='ocrx_word' id='word_1_273' title='bbox 1078 3973 1169 4028; x_wconf 79' lang='lat' dir='ltr'><em>vitae</em></span> <span class='ocrx_word' id='word_1_274' title='bbox 1183 3967 1381 4050; x_wconf 76' lang='lat' dir='ltr'><em>simplicita-</em></span> 
     </span>
     <span class='ocr_line' id='line_1_35' title="bbox 342 4075 1380 4158; baseline 0.002 -26"><span class='ocrx_word' id='word_1_275' title='bbox 342 4087 426 4148; x_wconf 87' lang='lat' dir='ltr'><em>tem,</em></span> <span class='ocrx_word' id='word_1_276' title='bbox 459 4095 482 4134; x_wconf 95' lang='lat' dir='ltr'><em>a</em></span> <span class='ocrx_word' id='word_1_277' title='bbox 498 4075 644 4158; x_wconf 78' lang='lat' dir='ltr'><em>pestibus</em></span> <span class='ocrx_word' id='word_1_278' title='bbox 664 4092 697 4136; x_wconf 84' lang='lat' dir='ltr'><em>et</em></span> <span class='ocrx_word' id='word_1_279' title='bbox 715 4077 813 4134; x_wconf 87' lang='lat' dir='ltr'><em>malis</em></span> <span class='ocrx_word' id='word_1_280' title='bbox 832 4097 1029 4156; x_wconf 78' lang='lat' dir='ltr'><em>raugnarum</em></span> <span class='ocrx_word' id='word_1_281' title='bbox 1049 4075 1178 4136; x_wconf 79' lang='lat' dir='ltr'><em>orbium</em></span> <span class='ocrx_word' id='word_1_282' title='bbox 1194 4092 1228 4137; x_wconf 89' lang='lat' dir='ltr'><em>et</em></span> <span class='ocrx_word' id='word_1_283' title='bbox 1241 4097 1380 4154; x_wconf 76' lang='lat' dir='ltr'><em>magno-</em></span> 
     </span>
     <span class='ocr_line' id='line_1_36' title="bbox 340 4183 1379 4266; baseline 0.005 -26"><span class='ocrx_word' id='word_1_284' title='bbox 340 4201 416 4242; x_wconf 85' lang='lat' dir='ltr'><em>rum</em></span> <span class='ocrx_word' id='word_1_285' title='bbox 444 4187 659 4265; x_wconf 85' lang='lat' dir='ltr'><em>imperiorum</em></span> <span class='ocrx_word' id='word_1_286' title='bbox 684 4184 881 4254; x_wconf 83' lang='lat' dir='ltr'><em>liberatam,</em></span> <span class='ocrx_word' id='word_1_287' title='bbox 927 4187 1130 4266; x_wconf 71' lang='lat' dir='ltr'><em>cogitatione</em></span> <span class='ocrx_word' id='word_1_288' title='bbox 1144 4183 1190 4263; x_wconf 86' lang='lat' dir='ltr'><em>se</em></span> <span class='ocrx_word' id='word_1_289' title='bbox 1217 4184 1379 4245; x_wconf 82' lang='lat' dir='ltr'><em>retulerit.</em></span> 
     </span>
    </p>
   </div>
   <div class='ocr_carea' id='block_1_3' title="bbox 0 0 1476 5067">
    <p class='ocr_par' dir='ltr' id='par_1_3' title="bbox 0 0 1476 5067">
     <span class='ocr_line' id='line_1_37' title="bbox 0 0 1476 5067; baseline 0 1"><span class='ocrx_word' id='word_1_290' title='bbox 0 0 1476 5067; x_wconf 95' lang='lat' dir='ltr'><em> </em></span> 
     </span>
    </p>
   </div>
  </div>
 </body>
</html>
