2942 5067
161 3762 173 3795 Ο

353 405 501 475 ¹wa
692 318 728 471 'P
745 374 1085 480 RAEFA'HQ

353 585 453 679 sorte
482 583 626 657 Tomos
663 584 871 673 accuratius
903 600 942 674 et
973 581 1206 673 emendatius
1242 588 1405 689 eradere

351 721 520 810 licuerit3
546 742 676 795 rorum
696 720 894 817 quoniam,
920 714 1165 813 srvel'lineae
1186 748 1315 825 earum
1338 750 1403 799 re.

353 883 439 953 rnrn
458 854 548 928 duci
568 847 733 952 possent,
757 850 844 925 vtile
868 871 907 925 et
927 851 1003 928 hoc
1026 855 1075 929 ad
1091 862 1220 933 critica
1236 858 1335 935 haec
1362 880 1404 959 ec

355 986 533 1069 litteraria
553 982 672 1061 studia
685 982 758 1095 else
772 985 986 1061 arbitrabar.
1039 993 1166 1086 Quem
1179 993 1280 1069 enim
1295 992 1404 1069 smc.

355 1150 438 1204 tum
468 1086 550 1201 satie
579 1146 757 1223 magnum
787 1145 834 1196 ex
859 1120 917 1197 his
943 1122 1074 1201 litteris
1103 1126 1279 1222 tulissem,
1328 1127 1403 1203 nisi

356 1264 447 1339 inde
470 1262 639 1355 animum*
657 1262 709 1330 ita
731 1279 949 1357 comparare
971 1278 1008 1334 et
1035 1260 1225 1340 instituere
1250 1264 1404 1340 didicis·

357 1398 450 1491 sem,
485 1414 526 1494 rc
547 1393 706 1467 aliorum
725 1391 888 1467 vtilitatis
913 1401 1103 1495 potiorem
1127 1403 1312 1475 rationem
1334 1400 1404 1475 hae

357 1532 522 1611 bendam
546 1526 618 1623 esse
642 1545 792 1627 putem,
812 1590 817 1597 .
839 1554 953 1631 quam
977 1537 1061 1605 rani
1081 1532 1237 1647 alicrriue
1258 1554 1401 1639 metus,

356 1696 408 1773 ne
437 1666 697 1765 ,existimationi
731 1686 840 1737 meae
868 1690 914 1741 ae
941 1666 1046 1739 laudi
1074 1674 1276 1770 quiequam
1303 1671 1404 1757 inde

356 1804 536 1894 decedat,
581 1796 672 1873 dum
700 1796 917 1873 inchoatam
945 1820 984 1876 et
1011 1801 1231 1905 descriptam
1250 1822 1402 1879 tanturn

358 1966 513 2044 operam
533 1930 685 2037 publice
704 1960 898 2037 propono,
919 1940 960 2034 in
975 1962 1050 2038 qua
1069 1942 1268 2040 inicuique
1285 1934 1403 2015 facile

355 2076 403 2173 ¹,sit
423 2094 464 2179 et
484 2090 693 2174 promtum,
722 2070 863 2145 habere
882 2069 981 2169 sorte
999 2092 1039 2147 et
1052 2096 1273 2167 memorare,
1298 2102 1403 2177 quoe

359 2210 409 2287 ad
432 2236 516 2285 earn
535 2203 805 2309 perficiendam
827 2203 951 2281 deesse
968 2204 1116 2309 possim.
1176 2214 1221 2283 In
1243 2230 1402 2311 promtu

358 2352 462 2425 enim
481 2350 551 2421 erit
569 2346 788 2443 vnicnique,
819 2346 881 2415 cui
900 2340 1016 2417 editio
1035 2342 1127 2417 mihi
1151 2371 1232 2419 non
1257 2340 1334 2419 visa
1350 2344 1402 2418 ad

358 2507 491 2558 manus
515 2477 575 2569 fit,
603 2494 668 2551 ani
689 2482 822 2553 erroris
842 2496 908 2551 aut
929 2476 1131 2553 omiffionis
1146 2498 1208 2556 me·
1228 2503 1400 2585 arguere.

358 2620 486 2695 vitam
510 2619 623 2689 etiam
646 2612 791 2711 Virgilii
812 2636 901 2688 meo
927 2611 1048 2687 studio
1076 2613 1290 2693 consectam
1315 2614 1401 2689 sub-

359 2755 483 2840 iunxi,
518 2747 568 2825 de
589 2774 664 2850 qua
687 2747 842 2849 quidem
863 2745 927 2835 sub
948 2753 1028 2823 eius
1047 2753 1195 2847 initium
1214 2751 1401 2835 nonnullo

357 2890 509 2976 monui3
553 2902 784 2959 remantem
810 2880 1029 2957 vtiliffirnam
1056 2903 1171 2985 atque
1196 2890 1310 2961 etiem
1332 2912 1401 2960 ne·

354 3018 550 3103 ,cessariam
577 3016 756 3119 suscipere
784 3022 933 3117 putaui,
974 3044 1062 3094 cum
1084 3020 1162 3094 aliis
1183 3019 1232 3095 de
1255 3020 1398 3113 caussis,

360 3175 441 3229 turn
462 3172 679 3255 propterea,
708 3152 813 3253 quod
827 3151 946 3226 multa
964 3158 1006 3227 in
1025 3155 1191 3255 Eclogis,
1216 3156 1336 3229 multa
1358 3162 1401 3231 in

361 3292 571 3389 Georgicis,
623 3285 791 3389 episodia
807 3293 926 3369 ¹etiam
949 3288 1132 3369 nonnulla
1154 3294 1195 3362 in
1215 3290 1399 3380 Aeneide,

361 3452 410 3501 ex
427 3427 519 3524 reip.
538 3426 648 3499 Rom.
673 3420 766 3497 statu
790 3440 829 3497 et
858 3422 1079 3499 conditione
1104 3449 1313 3527 eorumque
1336 3452 1399 3498 an·

358 3582 496 3635 norum
510 3556 621 3633 rebus
637 3554 743 3667 gestis
761 3557 982 3658 explicanda
995 3559 1089 3636 snnt.
1137 3566 1271 3662 Itaque
1285 3564 1400 3634 etiam

352 3700 399 3791 in
411 3698 510 3769 notis
521 3710 564 3780 ⁸et
580 3696 623 3767 in
640 3690 724 3793 ipsis
739 3698 965 3794 argumentis
979 3693 1206 3797 Eclogerurn
1221 3714 1261 3771 et
1279 3696 1398 3769 Geor·

352 3834 544 3933 lgicorum,
586 3824 783 3927 inquibus
808 3845 980 3901 naturam
1008 3849 1048 3907 et
1078 3850 1197 3905 artem
1222 3834 1397 3905 carminis

320 3939 326 3963 ⁸
355 3961 583 4068 potissimum
604 3961 752 4037 tradere
781 3963 973 4065 nolebam,
1018 3964 1206 4050 ,nonnulla
1230 3988 1396 4066 comme·

355 4102 520 4209 morani,
544 4122 642 4200 quae
661 4096 710 4171 ad
730 4116 917 4199 tempora,
942 4104 983 4173 in
1007 4105 1143 4202 quibus
1165 4125 1210 4175 ea
1231 4104 1397 4177 camnine

350 4233 606 4351 'scriptetsunss
622 4231 891 4341 &cognoscenda
912 4232 1129 4335 spectarent.
1164 4321 1168 4327 ,
1194 4227 1271 4309 Nisi
1292 4238 1393 4311 errim
