2942 5067
346 335 676 444 evcomct
701 368 900 448 ecmv
1106 377 1156 477 95

98 553 248 632 lcroe'bus,
273 568 312 613 et
327 555 431 616 orbis
446 571 630 619 terrarum
640 559 758 639 pacati
771 560 836 616 erit
848 573 1010 638 regnator
1026 563 1158 648 ¹5··.¹7·

92 671 147 725 lom
161 685 240 724 uero
256 663 395 724 melior
411 663 487 721 illa
503 679 622 739 aetas,
641 667 749 724 aetati
770 685 896 725 aureae
916 689 959 728 ae
982 671 1159 734 Saturniae

23 785 33 895 p·
81 771 184 849 hithe,
199 793 277 854 per
288 769 638 852 gradussuccedet,
657 774 708 830 ita
725 786 764 830 vt
774 794 881 854 puero
903 783 993 836 nato'
1006 777 1158 856 exordia,

87 878 204 945 18-25:
222 883 481 941 incrementa
499 899 586 936 vero
597 877 667 954 sua
685 878 842 938 habitura
854 879 913 957 fit,
942 884 1076 964 qrtando
1100 886 1159 948 ille

80 985 258 1060 edcknen't,
285 989 471 1053 26—56:
501 985 676 1043 cumulata
696 1000 809 1046 autern
831 1001 869 1046 ut
882 986 931 1064 fit
952 1005 986 1048 et
1002 993 1158 1072 perfecta

16 1072 17 1083 ἵ
77 1095 109 1154 ob
122 1095 279 1156 omnibus
294 1093 518 1177 partibus,
547 1090 607 1150 obi
624 1091 682 1150 ille
699 1091 750 1152 ad
769 1095 899 1154 virilem
917 1095 1063 1158 aetatem
1079 1122 1157 1183 per-

75 1207 196 1262 mit.-
227 1203 425 1282 37-45.
485 1199 634 1283 Reliqua
649 1199 736 1277 sunt
761 1201 942 1261 exrtltantis
967 1205 1099 1270 laetitia
1119 1227 1175 1271 et-

73 1311 322 1393 rctofocientis
337 1329 396 1367 ac
410 1307 638 1386 gramlantis
646 1321 793 1390 poetae:
821 1311 864 1387 46
884 1308 933 1368 ad
942 1310 1006 1392 fin.

134 1423 205 1480 lane
227 1420 272 1477 in
291 1417 361 1476 leis
370 1415 514 1498 facile
534 1415 711 1492 agnoscas,
731 1412 764 1490 fi
783 1414 882 1476 modo
899 1419 993 1478 nulla
1010 1426 1154 1502 praeuia

77 1529 206 1608 spinione
219 1524 411 1586 imbutus
430 1520 633 1601 accqffen's,
649 1525 760 1604 primo
771 1537 906 1603 poetam
916 1525 1156 1605 phantasmata

15 1636 17 1687 Ι
79 1635 238 1695 sicureae
254 1633 416 1692 aetatis
433 1629 698 1688 narrationibus
708 1629 855 1710 petiiffe,·
879 1645 950 1714 trem
962 1655 1054 1706 vero,
1078 1660 1154 1699 eum

81 1743 125 1800 illa
139 1739 340 1821 cumulaffe
364 1741 415 1797 in
443 1749 545 1795 certo
567 1737 681 1818 aliquo
700 1737 762 1814 firi
782 1743 939 1819 temporis
957 1759 1077 1804 euentu
1099 1745 1154 1805 de·

86 1847 246 1915 doado,
278 1866 403 1930 quem
429 1843 559 1926 paullo
582 1843 748 1920 obscurius
769 1843 969 1926 designauit,
997 1855 1156 1933 qrtoniam

89 1957 332 2015 ienaticinium
352 1973 443 2012 rem
458 1953 620 2020 mutauit,
641 1951 793 2035 adeoque
808 1957 1025 2016 vaticinantis
1046 1959 1157 2020 verbis

95 2079 119 2121 et
135 2059 462 2145 phantasmatibus
480 2059 586 2136 sensa
602 2059 673 2137 fita
699 2060 857 2142 exposuit.
909 2063 1022 2123 Solent
1042 2082 1156 2128 autem

99 2187 197 2251 poetae
210 2167 347 2248 cupide
373 2183 417 2227 et
439 2165 619 2244 ambitiqſse
637 2169 800 2227 vaticinia
818 2186 1016 2248 argumenta
1037 2177 1156 2234 carmi·

103 2299 163 2335 num
182 2282 329 2359 facere,
362 2295 454 2334 cum
474 2273 562 2333 niltil
579 2273 628 2332 ad
644 2257 904 2353 ‘enthusiasmum
921 2283 1091 2359 poeticum
1106 2279 1157 2358 stt

106 2383 413 2444 accommodatius:
451 2359 544 2463 quoii
557 2381 669 2442 multis
683 2384 839 2466 exemplis
855 2383 970 2445 doceri
986 2385 1155 2470 pqffet,si

109 2491 230 2552 nuncid
250 2504 441 2571 ageretur.
495 2489 629 2548 Summa
643 2489 891 2567 sententiarum
909 2493 993 2553 llaec
1012 2491 1075 2572 eli,
1104 2497 1155 2555 in·

105 2601 317 2681 fiqunturam
339 2597 413 2678 effe
435 2609 622 2677 temporum
632 2598 837 2678 felicitatem
856 2621 1031 2680 magnam:
1066 2623 1154 2662 eam·

117 2710 317 2790 queinitium
331 2702 535 2763 habituram
548 2705 611 2788 effe
627 2725 651 2762 a
669 2705 839 2765 natalibus
858 2710 975 2788 pueri,
1003 2709 1156 2769 Pollione
1194 2715 1197 2722 ’

119 2813 176 2892 Cofi
189 2817 271 2876 nati.
317 2812 473 2895 Quinam
487 2811 544 2870 ille
554 2829 641 2895 puer
649 2814 774 2893 fiterit,
793 2827 827 2872 et
842 2811 924 2895 quid
936 2829 1076 2896 poetam
1096 2814 1156 2875 ad·

118 2919 261 2988 inurit,
292 2934 335 2977 vt
363 2933 496 2977 tantam
518 2939 629 2978 rerum
658 2917 903 2994 conuerfiouem
930 2941 969 2980 eo
995 2935 1076 2980 nato
1107 2925 1155 2981 in-

109 3027 330 3108 sequuturam
348 3026 505 3107 polliceri
518 3026 641 3109 peffet,
675 3027 740 3086 ltoc
762 3025 822 3104 est,
861 3026 953 3110 quod
972 3032 1155 3111 quaeritur.

119 3135 244 3194 Scilicet
271 3137 368 3192 inter
397 3154 508 3192 omnes
530 3136 687 3217 populos,
719 3121 845 3215 magna
865 3137 1015 3217 inprimis
1040 3137 1156 3221 aliqua

117 3241 310 3300 calamitate
347 3239 528 3322 opprqffos‚
569 3246 733 3304 uaticinia
767 3244 975 3324 circumferri
1004 3245 1153 3331 affolent,

116 3369 201 3429 quae
210 3347 290 3424 siue
303 3351 469 3426 grauiora
482 3352 605 3409 minari
608 3349 683 3425 siue
704 3347 848 3411 laetiora
857 3348 973 3429 solent
988 3353 1154 3434 polliceri,

114 3474 238 3538 eaque,
274 3453 459 3535 neceffan‘a
479 3477 591 3515 rerum
615 3457 849 3536 viciffuudiue,
878 3458 1068 3520 melioribus
1092 3461 1155 3520 oli·

115 3562 250 3641 quondo
262 3561 524 3641 succedentibus
537 3566 747 3646 temporibus,
760 3567 840 3646 fere
848 3566 985 3650 semper
1000 3581 1155 3626 euentum

115 3669 249 3729 liabent.
301 3669 400 3730 Nullo
429 3685 542 3730 tamen
571 3688 716 3754 tempore
743 3677 978 3734 vaticiniorum
1006 3674 1155 3751 insanius

110 3775 188 3851 suit
198 3775 364 3853 studium,
391 3799 492 3861 quam
503 3779 572 3858 sub
591 3796 740 3840 extrema
763 3781 964 3864 reipublicae
983 3783 1156 3841 Romanae

120 3895 287 3964 tempora,
316 3888 511 3970 primosque
539 3889 778 3970 Imperatores:
811 3911 884 3948 cum
917 3889 1077 3948 bellorum
1109 3891 1155 3948 ci·

122 3990 238 4050 viliam
261 3993 469 4054 calamitates
496 3994 666 4054 hominum
686 3999 816 4056 animos
839 3996 1020 4057 terroribus
1049 3999 1156 4056 omnis

125 4101 249 4169 genens
269 4103 413 4180 agitatos
433 4099 483 4160 ad
505 4105 604 4161 uaria
629 4119 877 4185 portentorum,
909 4103 1154 4186 prodigiorum,

131 4214 165 4258 et
178 4209 400 4271 vananiorum
416 4207 566 4271 ludibria
579 4213 819 4296 conuertiffent.
862 4213 1028 4296 Imprimis
1042 4225 1152 4270 utitem
