2942 5067
212 345 559 424 uaouotcou
584 345 686 420 tta.
706 343 782 447 nt,
805 344 966 422 10-.15
1065 345 1140 434 543

101 537 151 610 Et
171 532 280 606 viridi
299 537 341 607 in
363 559 497 636 campo
518 531 702 635 templum
721 529 771 606 de
792 554 979 608 marmore
996 557 1142 633 ponam
1178 613 1180 628 ,

102 757 217 796 nerem
245 737 462 820 palmetaque
496 718 596 819 contu
636 709 778 799 Victores
795 749 898 796 autem
914 736 1136 821 eitOlympicia

88 840 224 918 subibis
261 841 338 900 Non
371 839 440 915 sthi
473 842 596 920 felices
637 862 674 901 ac
703 845 811 902 ceteris
840 838 919 898 lutis
946 859 1014 899 non
1037 841 1136 903 modo

88 943 198 1020 stlttas
244 946 402 1024 panentu
440 942 596 1002 Idrtmes?
636 943 767 1004 sollenni
789 961 906 1022 pompa
922 940 1029 1002 vrbem
1050 941 1135 1004 suam

96 1045 204 1106 Debet
235 1060 340 1105 autem
370 1043 458 1104 huius
493 1044 594 1106 versut
635 1042 783 1126 ingressos
804 1041 865 1104 esse
872 1053 889 1117 ,¹
916 1051 1135 1106 verumetiam

96 1149 289 1221 suauitatem,
308 1161 341 1208 vt
356 1150 521 1229 unicuique
540 1145 595 1208 ob·
636 1151 783 1208 victoriae
802 1151 940 1227 praemia
956 1146 1012 1206 diis
1029 1147 1135 1209 conse·

95 1256 183 1311 rium
199 1247 252 1324 est,
272 1252 326 1332 qui
340 1265 503 1331 vtrumque
517 1269 596 1330 poe·
637 1245 741 1318 crasse,
774 1249 932 1308 interdum
955 1252 1048 1308 etiam
1069 1246 1133 1311 suta

96 1368 163 1414 tam
183 1354 282 1435 tegit,
327 1347 431 1412 noster
450 1351 594 1410 Lucretio
635 1349 787 1430 templum
808 1348 871 1411 siue
899 1371 981 1410 aram
1010 1351 1134 1412 aliudue

95 1454 153 1515 suo
167 1455 195 1528 1,
214 1457 273 1517 118
291 1453 421 1512 Ennius
434 1466 473 1510 ut
487 1449 595 1529 noster
635 1466 873 1539 monumentum
911 1455 944 1512 in
987 1456 1134 1515 victoriae

97 1558 231 1624 cecinit,
260 1557 320 1637 qui
336 1557 466 1635 primns
483 1575 594 1614 amoe·
635 1558 817 1616 memoriam
837 1550 1023 1628 condidisse,
1054 1557 1132 1618 ntul-

94 1681 144 1718 aa
176 1658 308 1716 Detulit
349 1677 392 1713 ex
433 1655 594 1714 Helicone
635 1661 673 1718 tis
702 1678 738 1717 ex
769 1660 952 1740 antiquitate
983 1659 1130 1740 exemplis

91 1760 237 1842 perenni
268 1759 391 1839 fronte
423 1777 594 1827 eoronam,
635 1779 671 1818 ac
690 1759 784 1818 titulis
803 1757 904 1818 adhuc
925 1757 1132 1840 superstitibus

94 1863 291 1940 Pergentes
301 1859 407 1921 Italos
421 1859 593 1919 hominum
635 1861 784 1922 declarari
832 1856 942 1944 potest.
1024 1861 1130 1923 Vnum

95 1985 186 2050 qnae
200 1963 295 2021 clara
311 1963 445 2022 clueret.
634 1958 883 2022 commemorasse
904 1981 988 2024 nunc
1004 1965 1132 2046 quidem

142 2067 191 2129 13.
213 2066 299 2125 Haec
313 2081 346 2124 et
360 2084 441 2147 quae
461 2062 593 2145 sequun·
634 2061 773 2138 satisfit,
819 2063 905 2146 quod
929 2062 1057 2127 Athenis
1085 2067 1132 2128 su·

92 2183 164 2240 tur,
195 2181 227 2226 et
248 2168 358 2247 templi
379 2164 467 2224 huius
489 2162 593 2225 aedifi-
633 2163 744 2249 petest,
768 2183 1006 2227 monumentum
1025 2167 1133 2231 chora·

92 2273 196 2341 catio,
244 2286 337 2351 quam
371 2273 524 2328 rationem
558 2287 593 2326 ac
634 2273 754 2350 gicum,
789 2269 883 2352 vulgo
903 2267 1132 2346 Demosthenis

90 2375 349 2433 coniunctionem
381 2391 452 2429 cum
482 2373 591 2430 ceteris
632 2371 781 2428 Lucerna
800 2372 926 2444 dictum,
953 2373 1039 2454 quod
1061 2371 1131 2454 post

91 2473 249 2544 habeant,
277 2471 446 2533 omiserunt
461 2491 591 2532 monere
634 2474 785 2554 Sponium
804 2473 852 2530 Le
868 2474 940 2552 Roy
962 2488 994 2534 et
1013 2475 1130 2535 Stttart

90 2577 293 2655 Interpretes.
343 2574 466 2634 Scilicet
490 2577 524 2633 in
550 2593 590 2634 eo
633 2596 659 2635 c.
680 2575 725 2633 IV
748 2573 902 2635 exhibent.
948 2576 1038 2655 Quae
1062 2580 1130 2658 qui·

89 2674 264 2739 substiterat
286 2691 392 2757 poeta,
412 2691 445 2736 vt
465 2676 590 2736 laudem
633 2678 706 2739 dem
728 2697 746 2734 a
768 2674 857 2736 nobis
878 2675 958 2734 dictu
977 2673 1000 2736 fi
1021 2682 1130 2769 memi-

87 2785 267 2863 poeticam,
290 2799 385 2860 quarn
405 2782 438 2838 in
459 2782 590 2860 patriam
631 2783 730 2845 neris.
765 2776 993 2860 nihis,quidem
1018 2777 1130 2840 abhor-

89 2882 178 2943 suam
204 2881 302 2940 redux
327 2880 474 2954 referret,
519 2901 590 2939 cum
631 2903 703 2943 rens
739 2895 792 2940 aut
822 2878 957 2938 insolens
985 2883 1020 2939 in
1056 2895 1126 2942 toto

89 2975 220 3046 uictoria
250 2997 461 3062 compararet,
496 3003 590 3065 quam
630 2999 744 3066 poetae
793 2985 927 3040 carmine
975 2997 1128 3044 occurret.
1165 2972 1168 2976 ⁵

88 3087 205 3169 aliquia
227 3089 309 3145 inter
323 3083 458 3144 Graecos
479 3106 517 3144 cx
532 3078 590 3144 soi-
630 3086 744 3146 Laudis
790 3103 827 3144 ac
869 3086 1016 3146 victoriae
1059 3081 1131 3146 suaa
1165 3145 1167 3148 .

88 3191 181 3251 lenni
213 3189 381 3246 certamine
414 3190 514 3246 victor
540 3207 590 3246 re·
630 3189 773 3268 poeticae
806 3201 1046 3246 monumentum
1078 3207 1130 3246 ex-

85 3303 241 3380 portaret.
283 3289 402 3348 Notum
418 3303 520 3348 autem
535 3283 588 3356 ett,
629 3279 726 3350 struet
767 3289 934 3384 tempium,
987 3292 1041 3347 in1
1065 3309 1130 3372 quo

88 3394 215 3454 nullum
238 3389 421 3450 sollennium
444 3389 590 3449 ludorum
630 3396 765 3474 praemia
789 3404 946 3471 reportata
971 3403 1131 3471 tamquam

86 3475 126 3557 in
144 3495 276 3554 Graecia
298 3513 396 3576 genua
414 3488 521 3562 tutte,
555 3494 590 3551 in
631 3494 760 3554 donaria
779 3493 936 3554 consecret
944 3515 959 3570 ςΑ
979 3493 1130 3573 templum

88 3619 157 3682 quo
174 3617 242 3657 non
260 3616 299 3657 eo
315 3597 456 3676 tempore
471 3597 590 3678 ingenii
632 3612 735 3657 autem
756 3573 914 3677 ingeniose
928 3592 997 3655 satie
1017 3598 1059 3654 ita
1081 3581 1131 3655 or'-

88 3705 277 3770 certamina,
314 3694 425 3774 ἇγῶνες
445 3697 589 3775 μουσικοὶ,
630 3713 764 3778 nat‚,vt
783 3693 918 3780 Au'gnsto
945 3716 1012 3757 non
1033 3697 1130 3758 modo

91 3801 311 3883 eloquentiae,
339 3803 477 3879 poetices
495 3803 591 3880 inpri-
632 3802 824 3873 dedicatum,
859 3797 911 3859 sed
932 3785 967 3858 ct¹
986 3799 1131 3862 omnibus

87 3907 168 3974 mis,
221 3899 460 3962 instituerentur.
538 3902 589 3962 De
631 3910 667 3966 iis
703 3899 882 3964 instructum
914 3915 946 3960 et
977 3901 1131 3961 excultum

89 4005 247 4089 Olympiis
267 3995 302 4066 et¹
319 4008 427 4065 ceteris
445 4003 591 4066 sollenni-
632 4003 693 4067 effe
706 4005 823 4080 iubeat,
853 4024 933 4088 quae
949 4003 989 4064 ad
1003 4001 1131 4086 Augusti

86 4105 150 4168 bur
170 4128 269 4188 aeque
293 4123 410 4167 certum
425 4103 478 4182 est,
501 4128 537 4168 ac
550 4108 591 4170 de
631 4109 739 4170 laudes
785 4105 1006 4190 praedicandas
1050 4109 1132 4166 viam
1181 4132 1186 4144 =

85 4207 264 4292 Dionysiis,
291 4207 516 4272 Panathenaeir
531 4227 590 4274 etc.
632 4231 743 4295 parare
765 4223 922 4292 poterant.
965 4207 1057 4278 ‚Cum
1079 4227 1132 4266 au-

136 4311 268 4374 ‘roal
578 4291 588 4306 ⁰
678 4311 767 4395 Pap
842 4343 844 4346 ·
