2942 5067
307 375 382 449 ιιι
534 327 1180 460 P.V1R01L11.Mtu0tt1's‚
1280 408 1285 417 .

311 562 592 655 Terrarumque
613 552 704 627 velis
724 575 870 641 curam,
897 565 947 649 ¹et
967 565 1007 621 te
1028 572 1227 623 maxumus
1245 550 1349 629 orbis'

312 702 517 771 Auctorem
536 685 688 786 frugum
716 684 1054 785 tempestatumque
1081 701 1280 783 potentem

312 826 502 927 stipiut,
537 828 689 923 cingent
712 838 882 895 materna
906 836 1078 918 tempora
1105 836 1228 912 myrto
1235 848 1248 909 ι

392 990 427 1045 26
447 1003 475 1041 te
497 1002 524 1040 ot
545 1004 582 1039 ιιι.
607 986 715 1057 Menug.
736 1002 776 1057 pr.
855 998 890 1051 27
899 978 1024 1055 frugum
1056 982 1131 1035 coeli
1157 996 1307 1054 terraeque
1320 998 1353 1054 p.

315 1076 399 1133 Goth.
418 1072 467 1129 sec.
489 1090 558 1127 um.
579 1090 618 1144 pr.
698 1072 738 1126 v28
755 1074 888 1141 Accipiet
906 1064 980 1121 Voss'.
1030 1066 1136 1121 Dumm
1162 1065 1224 1123 effet
1245 1069 1357 1141 iungere

316 1232 390 1297 gere
395 1252 408 1284 ,
449 1206 614 1271 moderari.
691 1206 816 1269 Scilicet
855 1202 915 1263 lius
931 1202 1035 1282 1,·593
1065 1222 1104 1263 ex
1118 1200 1150 1261 b.
1166 1204 1188 1264 l.
1231 1205 1358 1283 Caesar

315 1328 412 1399 poeta
433 1332 563 1394 pergere
583 1308 727 1386 volebat,
759 1328 815 1369 ur·
855 1326 946 1365 ιοιιιιο
991 1302 1105 1376 torris',
1147 1303 1221 1387 post
1259 1307 1358 1368 caelo

316 1416 417 1477 besue
449 1414 592 1494 inuisere
633 1428 666 1471 et
707 1427 815 1471 terras
855 1410 1021 1467 maximus
1040 1422 1175 1481 auctor,
1194 1425 1357 1493 regnator.

318 1536 446 1579 curare.
467 1513 528 1577 boc
544 1515 730 1577 inuertendo
745 1536 815 1575 mu·
856 1514 920 1571 inm
939 1508 1075 1571 debebat
1093 1509 1197 1594 sequi,
1222 1527 1256 1572 to
1267 1516 1359 1574 oino-

319 1624 406 1696 touit,
430 1619 555 1679 velisne
575 1638 690 1679 euram
710 1632 818 1677 terra·
858 1628 931 1673 tum
944 1628 1257 1695 materoatempora
1269 1637 1360 1697 myr-

320 1726 405 1781 tum.
473 1718 526 1781 Est
563 1736 668 1781 eutem
712 1718 816 1794 vello,
858 1730 916 1786 tot
956 1736 1041 1776 nunc
1065 1717 1149 1776 idem
1174 1717 1264 1777 orbis
1287 1724 1361 1778 cin·

319 1830 430 1898 etiam,
472 1823 645 1905 praeferre,
685 1820 751 1883 sere
785 1836 818 1881 vt
856 1838 940 1896 gens
955 1834 1106 1900 tempora
1120 1836 1227 1902 myrto
1242 1822 1357 1900 dictus,

318 1928 459 1989 Homero
480 1920 669 2009 βούλεσθαι·
690 1918 819 2006 βούλομ’
859 1920 972 1983 scilicet
1002 1941 1117 1983 corone
1144 1938 1263 2007 myrtea
1287 1942 1361 1988 orto

319 2022 381 2105 duos
398 2024 475 2093 λοιδν
493 2020 561 2091 σόον
584 2027 730 2105 ἔμμονοι,
757 2047 817 2108 pro
859 2023 1164 2107 aVenereAugusio,
1179 2047 1267 2088 nouo
1283 2028 1359 2104 deo,

320 2124 469 2217 fiosbopot
498 2128 636 2208 μᾶλλον,
662 2128 816 2209 praefero.
858 2124 1010 2209 imposita.
1045 2128 1244 2212 Magnificum
1256 2128 1362 2212 phun.

321 2232 408 2293 Beue
447 2244 551 2291 eutem
590 2228 700 2293 Caesar
735 2234 834 2297 inter,
860 2230 973 2290 telino!
993 2230 1053 2290 Fec
1068 2247 1100 2292 te
1113 2234 1220 2293 videre
1235 2234 1361 2296 Orbem

323 2334 400 2395 deos
413 2332 534 2394 urbium
556 2350 588 2396 et
598 2338 752 2395 ‘terrorum
768 2350 819 2394 tu·
860 2315 1026 2394 Terrumm
1038 2332 1175 2416 Augusto
1195 2333 1287 2397 stanti
1304 2358 1363 2399 oo·

321 2436 435 2496 teloret
464 2436 573 2496 referri
601 2442 722 2518 potuit:
772 2442 818 2497 vti
859 2444 974 2495 ronom'
1002 2451 1154 2520 myrteam
1190 2442 1363 2521 imponen-

322 2538 366 2599 dii
387 2538 456 2599 suut
478 2536 647 2620 πολιοῦχοι.
698 2540 819 2601 Noten-
860 2552 942 2617 tem3
976 2553 1030 2599 eut
1049 2539 1216 2623 Augustum
1238 2548 1273 2602 in
1294 2545 1365 2606 tne-

322 2641 362 2701 da
377 2660 451 2700 vero
467 2644 558 2721 copie
573 2646 732 2717 orationis,
744 2664 817 2726 qua,
861 2640 914 2702 dio
934 2644 1016 2701 inter
1033 2642 1173 2726 Cybelen
1191 2659 1224 2705 et
1237 2646 1365 2729 Neptu·

321 2742 487 2825 splendore
503 2764 572 2803 cum
587 2743 714 2819 summo,
735 2746 820 2807 idem
861 2760 938 2802 num
953 2741 1091 2805 ⁴stentem
1108 2760 1141 2807 et
1162 2746 1202 2807 eb
1224 2764 1363 2835 utroque

320 2836 414 2907 totieo'
439 2841 545 2905 eflert:
588 2847 714 2907 velisne
740 2846 823 2909 deus
863 2864 980 2906 corone
1008 2863 1127 2931 myrteo
1155 2860 1364 2916 coronatum!

322 2948 394 3029 effe.
439 2946 585 3009 Ceterum
610 2949 649 3009 cs.
665 2952 780 3014 Lucan.
794 2952 820 3028 Ι,
864 2966 916 3028 27.
940 2949 1186 3031 tempestatum,
1226 2974 1297 3017 non
1319 2956 1363 3020 de

321 3049 440 3134 45sqq.
463 3050 819 3137 etStot.Tbeb.I,24sq.
859 3052 1004 3131 procellis
1032 3056 1268 3134 accipiendum,
1306 3057 1364 3121 sed

322 3156 375 3217 ἠδ.
386 3156 550 3212 maximus
564 3154 662 3229 orbis,
683 3154 735 3216 seu
751 3176 820 3217 cae·
861 3152 901 3213 de
923 3154 1001 3213 caeli
1022 3161 1163 3239 aerisque
1180 3164 1366 3223 mutationi·

319 3254 402 3329 lum,
428 3254 497 3329 seu,
519 3255 606 3339 quod
618 3262 720 3319 verius
734 3235 820 3321 nubo
860 3254 919 3316 bus
933 3270 966 3317 et
975 3262 1051 3317 unni
1065 3260 1268 3340 temporibus,
1285 3269 1362 3347 quio

320 3352 381 3415 esse
398 3354 539 3431 arbitror,
560 3356 643 3419 orbis
659 3375 819 3427 terrerum.
861 3380 932 3419 cum
954 3360 1093 3443 frugibus
1109 3363 1159 3423 ille
1181 3369 1363 3448 iungimus

320 3461 486 3518 mouimus
499 3478 558 3538 pro
577 3478 724 3543 mugnus,
754 3465 817 3525 vid.
860 3460 912 3523 e'st.
964 3462 1169 3545 tempestates
1195 3488 1256 3549 pro
1280 3484 1363 3530 tenr-

318 3560 423 3619 Burm.
440 3560 479 3619 nd
495 3580 522 3618 v.
544 3562 612 3641 187.
649 3566 817 3647 accipiat:
858 3562 988 3646 poribus
1003 3564 1067 3627 fiue
1085 3564 1184 3642 stetis,
1211 3567 1276 3633 fiue
1292 3578 1364 3657 qui-
1448 3566 1453 3577 ’

318 3658 433 3723 hebeat
446 3674 638 3733 ortotorem,
671 3667 816 3730 modern·
857 3666 1039 3751 buscunque
1062 3669 1128 3729 eliis
1150 3672 1201 3733 vel
1222 3674 1363 3738 Lucretii

316 3780 418 3824 torem
435 3780 606 3844 prouentus
622 3786 767 3851 agrorum
781 3788 815 3834 et
856 3772 1000 3853 exemplo
1025 3770 1278 3850 benedicuntur,
1306 3778 1362 3843 vbi

237 3880 242 3891 ·
315 3862 546 3948 tempestatum,
574 3868 717 3955 adeoque
732 3889 815 3937 tuto·
855 3874 896 3934 a'd
921 3880 996 3935 enni
1012 3876 1151 3959 caelique
1171 3886 1360 3961 temperiem

313 3968 814 4053 imnegrieoletioni33011ctoret
854 3982 995 4062 aerisque
1018 3983 1243 4057 mutationem,
1271 4004 1358 4066 queo

310 4085 430 4154 potens
445 4072 485 4134 ud
500 4074 632 4137 eundem
646 4084 812 4141 notionem
854 4101 925 4140 tum
959 4078 1030 4162 ipsis
1058 4086 1208 4164 temporis
1234 4084 1357 4148 vicibus

313 4172 468 4255 specumt3
496 4196 578 4254 nem,
600 4184 654 4264 qui
668 4180 809 4265 largitur,
849 4182 994 4258 succedit,
1008 4184 1175 4267 respicitur.
1215 4188 1267 4253 28.
1282 4208 1356 4249 ma·

222 4312 225 4323 ι
312 4281 337 4338 is
352 4276 494 4343 hebetia
508 4280 678 4368 potestate3
700 4282 807 4352 Moni-
848 4302 947 4352 terna
959 4304 1086 4371 myrto,
1114 4287 1233 4357 Veneri
1250 4291 1349 4367 sacro,
