2942 5067
217 418 220 425 ’
373 422 416 483 x·
572 410 582 467 1
635 420 644 435 ·’
694 374 1085 503 PRAEFATIO
1181 371 1184 379 ’
1264 423 1270 435 ³

372 598 644 725 emplarium
659 626 930 729 apparatum
946 608 1000 699 iis
1014 606 1296 702 vendiderat:
1312 642 1404 738 quo

373 764 439 857 illi
459 769 508 859 in
526 766 704 861 lucrum
725 764 854 865 suum
869 769 1007 887 versu,
1033 806 1159 866 noua
1179 775 1405 905 exempla*

369 933 442 1026 ria
455 936 575 1062 typis
589 933 901 1051 excuderunt}
917 962 1016 1032 tum
1031 936 1266 1035 Fritlchius
1282 942 1405 1069 apud

369 1097 413 1195 le
433 1098 655 1216 decreuit,
685 1102 1040 1229 postremorum
1069 1138 1297 1201 annornm
1326 1106 1405 1201 de·

368 1262 547 1363 cursum
562 1267 828 1385 editionem,
853 1303 1046 1399 eamque
1065 1272 1211 1367 multo
1225 1272 1404 1405 elegan-

173 1436 179 1453 ‘
366 1436 534 1533 tiorem
553 1462 609 1528 ac
629 1430 997 1561 splendidiorem
1028 1470 1224 1565 parare„
1243 1462 1294 1534 vt
1314 1438 1405 1533 hoo

338 1584 340 1589 ⁸
366 1600 577 1729 exemplo
600 1601 841 1719 constaret,
882 1636 970 1698 nec
997 1627 1094 1698 arte
1117 1627 1165 1696 et
1189 1604 1407 1698 industria

237 1782 241 1798 '
364 1768 624 1861 Germanos
661 1766 817 1899 Anglis
854 1769 1043 1885 cedere,.
1072 1802 1161 1863 neo
1186 1768 1405 1899 generoso

364 1930 487 2029 sensu
513 1932 752 2062 laudisque
778 1936 924 2030 studio
932 1968 958 2053 ρ
978 1912 1087 2036 'fine
1114 1934 1327 2063 improba
1357 1956 1405 2028 et

364 2096 543 2195 sordida
574 2100 690 2196 lucri
724 2102 954 2199 auiditate.
1036 2099 1405 2227 obsequendum

363 2268 474 2360 duxi
490 2268 667 2394 optimo
682 2254 801 2361 viro:
825 2301 1040 2396 ¹cumque
1053 2268 1292 2362 nouillima
1306 2270 1405 2360 iam

173 2441 177 2449 ’
362 2438 481 2527 vitae
497 2430 638 2562 spatia
652 2430 864 2565 ingrellus
885 2435 1091 2532 vltimam
1109 2466 1300 2569 manum
1313 2436 1403 2525 im·

359 2599 565 2741 ponendi
598 2600 706 2694 huic
739 2630 910 2730 operae
939 2604 1330 2729 opportunitatem
1355 2596 1404 2697 le

358 2768 474 2865 mihi
495 2764 658 2862 offerre
679 2767 902 2868 viderem:
932 2769 1062 2860 nolui
1084 2766 1296 2861 fortunae
1316 2766 1401 2861 de*

359 2933 463 3053 elle,
502 2938 760 3062 iterumque
777 2937 1019 3031 retractaui
1040 2966 1115 3051 ea,
1146 2964 1402 3061 ‹p1aeame

357 3108 408 3197 in
429 3101 669 3233 Virgilium
699 3098 862 3230 scripta
893 3099 1049 3215 ellent,
1093 3102 1400 3226 inprimisque

353 3260 760 3399 priorivolumini,
796 3266 924 3393 quod
942 3263 1157 3359 Bucolica
1178 3286 1225 3357 et
1245 3266 1399 3359 Geor·

356 3438 459 3567 gira
475 3430 812 3561 complectitur,
835 3454 1058 3559 quantum
1078 3462 1164 3560 per
1183 3429 1294 3525 adm
1311 3465 1398 3527 cu·

355 3630 432 3697 rus
465 3600 639 3715 liceret,
682 3598 880 3693 studium
907 3596 1097 3725 aliquod
1124 3621 1282 3692 meum
1308 3597 1396 3693 ad·

354 3766 466 3884 dixi3
504 3731 730 3895 inprimis,
760 3762 887 3892 qnod
913 3764 1247 3894 expectandum
1276 3786 1393 3871 erat,

352 3933 464 4051 lore,
483 3932 772 4031 vtredemtor
785 3935 937 4063 operis
951 3932 1145 4027 eandem
1156 3934 1277 4029 hanc
1291 3930 1394 4031 edi·

352 4104 525 4197 tionem
544 4102 692 4230 pretio
712 4098 962 4195 multorum
980 4088 1268 4197 frontitibus
1286 4132 1391 4195 nta-

350 4271 419 4401 gis
433 4266 780 4366 accommodato
793 4267 1001 4369 venalem
1020 4269 1182 4367 excudi
1201 4290 1340 4365 curet
1381 4317 1384 4325 ·
