2942 5067
291 369 641 448 GEORGICON
668 369 771 443 LIB.
790 368 964 462 1v,‘230.
1097 367 1173 466 697

138 577 215 639 ⁰¹⁸3
234 555 352 624 hebens
370 581 424 624 ore
437 555 552 643 sparse,
580 557 635 620 ed·
675 555 780 620 velfic
795 577 862 619 nou
876 555 945 618 setis
959 569 1055 637 patet,
1078 574 1172 638 quor·
1191 583 1197 598 ¹

135 662 247 744 fpersa,
277 664 416 746 prolutu,
442 685 531 747 eque.
574 664 635 725 Ex·
674 659 740 721 sum
760 665 846 744 graui
861 660 951 721 odori
966 679 1076 718 cauere
1094 676 1172 738 opus

135 766 245 846 pedite
282 765 431 827 hacteuus
465 767 634 834 sententie:
676 760 737 824 elle
752 765 902 824 creditum
915 763 1018 832 luerit,
1040 759 1137 819 cums
1157 792 1171 807 -

134 867 190 930 ted
232 858 467 957 quaeri-*vnum
514 865 633 950 potest,
675 886 743 926 mos
762 866 916 928 mellusius
937 885 1012 948 pree
1034 862 1064 925 se
1091 863 1193 923 feret:

136 971 283 1053 quorsum
304 970 365 1034 ltoc
384 975 466 1032 lectu
485 992 564 1054 opus
586 968 632 1031 fit.
675 989 779 1029 mauu.

134 1075 327 1149 statuebam,
354 1073 483 1136 mullum
497 1071 568 1150 elle,
590 1095 633 1135 ne
717 1074 842 1135 Seruius
856 1075 899 1132 ite
916 1075 1049 1152 accepit:
1079 1073 1172 1141 „Ore

135 1196 192 1238 om
212 1178 426 1239 maleolentia
444 1175 520 1250 suut,
547 1177 635 1260 quod
668 1176 776 1255 fosse,
808 1175 888 1258 ipsos
907 1172 1029 1236 huullm
1049 1175 1170 1239 scilicet.

135 1279 294 1342 foetorem
339 1279 421 1342 ferre
471 1295 635 1364 nequeunt
674 1279 715 1338 Et
749 1277 810 1340 hoc
845 1277 935 1337 dicit:
986 1279 1171 1360 spargendo

138 1401 231 1462 apes:
280 1381 367 1466 quod
398 1397 517 1444 veteres
550 1384 635 1443 miris
676 1399 789 1464 equum
832 1383 952 1440 imitere
993 1381 1173 1462 pluuium.“

136 1487 240 1548 modis
255 1490 291 1547 in
304 1486 484 1546 miraculum
504 1503 634 1554 euxere;
675 1484 835 1544 Praeclare
870 1484 910 1544 ed
950 1483 1046 1566 ipsum
1087 1507 1171 1558 retu:

139 1589 179 1648 ci.
198 1589 288 1650 Ven‘.
307 1588 362 1662 111,
387 1592 436 1663 16,
453 1591 483 1652 6.
512 1587 633 1649 Colum.
675 1604 749 1648 nem
764 1584 861 1646 solere
876 1591 1008 1668 epierios
1029 1587 1086 1650 hec
1107 1606 1173 1654 erte

136 1689 197 1758 lx,
216 1700 265 1770 14,
281 1693 315 1764 32
331 1691 435 1773 Geop.
449 1691 522 1765 XV,
537 1710 567 1764 2,
585 1709 634 1770 19.
676 1686 804 1770 aggredi
838 1708 929 1770 apes,
981 1705 1014 1750 vt
1045 1711 1096 1752 eos
1134 1713 1172 1754 ex

136 1793 173 1866 5,
194 1801 227 1873 4,
249 1791 355 1877 ibique
375 1793 488 1868 Nicles.
536 1793 635 1852 Fauet
677 1790 807 1850 eluentis
840 1807 945 1872 perte,
976 1815 1052 1876 ¹que
1083 1797 1172 1859 fuuos

135 1894 205 1958 usus
243 1896 414 1980 loquendi:
462 1917 537 1958 nem
569 1894 633 1976 sup.
674 1891 798 1954 recisuri
817 1891 895 1968 suut,
918 1894 1036 1978 sugent,
1059 1915 1172 1962 notum

135 1997 185 2071 II,
211 2001 273 2077 134
304 2002 436 2058 animas
454 2013 487 2060 et
508 1997 635 2057 olentia
675 1992 736 2064 estt
768 2009 799 2056 et
819 1996 954 2080 sequitur
975 1998 1069 2062 alteru
1091 2001 1171 2064 fimi·

134 2101 234 2162 Medi
251 2103 320 2162 Ora
331 2102 459 2182 fouent
474 2101 550 2170 illo,
568 2121 634 2161 me·
674 2098 831 2172 listram,
851 2113 884 2160 vt
905 2100 1006 2162 fumus
1026 2106 1171 2176 immitte·
1206 2139 1210 2146 ·

134 2205 172 2267 lo
182 2206 319 2267 Medico.
361 2205 402 2265 Et
415 2202 574 2282 credidille
589 2207 639 2264 vi·.
675 2215 743 2272 tum
763 2201 929 2286 solitosque
948 2202 1009 2268 hoc
1026 2207 1138 2270 idemf
1156 2243 1171 2258 .

137 2309 253 2372 dentur
272 2323 409 2381 veteres,
436 2312 483 2383 ei,
518 2310 573 2390 qui
594 2306 641 2366 ed'
676 2323 747 2365 cere
778 2321 915 2380 veteres,
957 2329 995 2368 ex
1024 2311 1171 2392 Geopou.

135 2431 214 2492 apes
242 2410 404 2472 accederet
410 2453 422 2484 ,
458 2409 635 2474 ,videndum
675 2406 747 2480 XV,
766 2409 797 2481 6,
818 2428 831 2468 ι
857 2408 1062 2492 suspicabatur
1074 2414 1173 2476 Beck·

137 2510 218 2587 elle,
264 2533 306 2575 ne
338 2519 425 2598 graui
450 2511 550 2575 odore
585 2533 637 2574 ees
670 2529 783 2582 ‚meum
803 2511 922 2598 collega
936 2517 1092 2577 coniunct.
1114 2515 1173 2590 heo

137 2613 326 2678 offenderet.
376 2616 540 2678 Columell.
571 2616 635 2690 lx,
676 2610 767 2695 supet
786 2633 820 2673 re
841 2631 858 2672 e
879 2635 930 2674 me
952 2619 1173 2700 compellatum
1209 2641 1213 2650 ·

143 2721 242 2798 14,3
271 2719 397 2780 Verum
415 2723 561 2779 maxime
580 2739 638 2777 cu·
674 2712 812 2796 sequitur
832 2717 974 2778 Sentium
994 2721 1118 2796 Cerdo,¹
1141 2739 1174 2786 et

125 2819 346 2902 stadiensium
364 2819 408 2900 est
426 2822 577 2882 curatori
591 2849 635 2872 -
675 2819 737 2876 iem
751 2832 823 2880 ente
836 2839 908 2882 eum
921 2822 1015 2886 Iulius
1029 2823 1172 2902 Sabinus,

138 2929 192 2986 vti
212 2925 382 2986 abstineat
400 2926 481 3005 sere
498 2923 543 2983 ab
567 2943 635 2984 om·
676 2939 771 3004 quem
811 2921 985 3002 pleniorem
1029 2929 1173 2992 Seruium

138 3018 238 3088 nibus
257 3027 480 3088 redolentibus
494 3026 636 3106 esculen-
678 3043 749 3083 cum
769 3023 874 3086 Probo
894 3024 1031 3092 hebuiffe
1053 3031 1172 3116 liquet:

138 3132 185 3191 tis
204 3165 248 3182 .-
269 3131 413 3215 itemque
426 3129 636 3212 foetentibus
674 3126 799 3201 „Fumo
836 3128 984 3214 lugentur
1022 3153 1095 3214 epes
1135 3157 1172 3198 ex

140 3234 336 3295 acrimoniis
359 3234 434 3293 allii
460 3234 517 3294 vel
539 3253 636 3314 cepas
677 3231 789 3300 aloem
818 3245 851 3292 et
869 3229 1032 3317 postquem
1048 3235 1172 3320 lugetue

139 3359 217 3396 rum
247 3353 499 3420 ceterammque
526 3357 637 3396 rerum
677 3332 765 3407 suut,
794 3333 952 3418 aspergine
976 3357 1076 3422 equae
1098 3361 1174 3404 con.

127 3439 303 3519 simitum.
331 3440 638 3520 Panae.1v,15‚4
679 3435 860 3519 globantur,
904 3453 937 3502 vt
961 3460 1030 3507 non
1051 3423 1175 3519 orem
1218 3467 1224 3504 ;

139 3546 239 3604 Haeo
255 3579 300 3592 -
320 3541 451 3624 efficies,
477 3543 583 3623 castus
604 3558 638 3604 et
679 3536 740 3600 hoc
754 3539 827 3602 ideo
840 3540 890 3617 fit,
911 3557 945 3604 vt
961 3561 1083 3609 exemto
1097 3551 1175 3612 mel·
1219 3585 1223 3592 ·

129 3647 289 3729 sobrius,
323 3662 358 3706 et
375 3647 504 3706 alienus
523 3667 547 3706 a
568 3645 639 3706 bal·
677 3641 710 3702 le
724 3641 843 3704 facilius
857 3645 1028 3710 inferentur
1045 3653 1174 3729 alueisu,
1218 3693 1225 3705 „

142 3754 218 3810 neis
253 3748 439 3829 (crescentii
460 3749 557 3812 libert
594 3748 639 3808 ab
679 3759 712 3804 et
726 3745 832 3826 paullo
848 3745 932 3830 poll:
955 3753 1077 3832 „soum
1090 3777 1176 3820 ,cou-

141 3854 255 3938 alliis)
278 3854 335 3912 vel
352 3874 376 3914 a
395 3853 477 3913 cibis
496 3853 641 3923 acribus,
680 3851 747 3908 tine
761 3851 795 3910 1¹1
814 3848 955 3920 faucibus'
974 3870 1040 3917 tum
1059 3857 1176 3944 [persus
1221 3879 1224 3889 ’

143 3972 180 4016 et
202 3955 315 4017 odoris
334 3955 515 4026 immundi,
538 3973 641 4041 atque
681 3947 804 4014 haustus
820 3966 1006 4038 uquarum.“
1041 3961 1085 4023 Vt
1097 3961 1176 4025 haec
1224 3981 1228 3992 “

144 4059 297 4121 omnibus
306 4059 530 4138 salsamentis.
563 4062 641 4144 Qui·
681 4060 898 4140 interpretatio
921 4061 1025 4124 locum
1050 4061 1174 4141 hebeat,

141 4161 202 4224 bus
222 4164 349 4246 quidem
377 4165 454 4226 locis
476 4164 555 4227 nihil
579 4162 641 4228 elle
683 4159 862 4242 adoptando
891 4160 935 4226 est
962 4167 1059 4230 altere
1084 4169 1178 4233 lectio
1227 4213 1231 4220 -

140 4264 245 4350 potest
266 4272 412 4350 apertius.
459 4270 639 4357 Enimuero,
680 4261 815 4346 lusidius
828 4287 992 4353 aquarum
1007 4269 1176 4354 orefou03
1200 4315 1231 4329 ..
