<?xml version="1.0" encoding="UTF-8"?>
<!DOCTYPE html PUBLIC "-//W3C//DTD XHTML 1.0 Transitional//EN"
    "http://www.w3.org/TR/xhtml1/DTD/xhtml1-transitional.dtd">
<html xmlns="http://www.w3.org/1999/xhtml" xml:lang="en" lang="en">
 <head>
  <title>
</title>
<meta http-equiv="Content-Type" content="text/html;charset=utf-8" />
  <meta name='ocr-system' content='tesseract 3.04.00' />
  <meta name='ocr-capabilities' content='ocr_page ocr_carea ocr_par ocr_line ocrx_word'/>
</head>
<body>
  <div class='ocr_page' id='page_1' title='image "./varietatelectio00heyngoog_0031.png"; bbox 0 0 2942 5067; ppageno 0'>
   <div class='ocr_carea' id='block_1_1' title="bbox 320 362 1189 503">
    <p class='ocr_par' dir='ltr' id='par_1_1' title="bbox 320 362 1189 503">
     <span class='ocr_line' id='line_1_1' title="bbox 320 362 1189 503; baseline 0.008 -48"><span class='ocrx_word' id='word_1_1' title='bbox 320 382 565 459; x_wconf 79' lang='lat' dir='ltr'><strong>rnronrs</strong></span> <span class='ocrx_word' id='word_1_2' title='bbox 604 362 918 464; x_wconf 75' lang='lat' dir='ltr'><strong>nnrtroms</strong></span> <span class='ocrx_word' id='word_1_3' title='bbox 1039 409 1189 503; x_wconf 40' lang='lat' dir='ltr'><strong>xxm·</strong></span> 
     </span>
    </p>
   </div>
   <div class='ocr_carea' id='block_1_2' title="bbox 7 584 1211 4354">
    <p class='ocr_par' dir='ltr' id='par_1_2' title="bbox 7 584 1211 4354">
     <span class='ocr_line' id='line_1_2' title="bbox 97 584 1154 691; baseline 0.003 -28"><span class='ocrx_word' id='word_1_4' title='bbox 97 594 258 691; x_wconf 79' lang='lat' dir='ltr'><strong>antiqui,</strong></span> <span class='ocrx_word' id='word_1_5' title='bbox 293 591 337 660; x_wconf 88' lang='lat' dir='ltr'><strong>in</strong></span> <span class='ocrx_word' id='word_1_6' title='bbox 361 584 452 687; x_wconf 76' lang='lat' dir='ltr'><strong>i&#39;psre</strong></span> <span class='ocrx_word' id='word_1_7' title='bbox 473 592 555 663; x_wconf 86' lang='lat' dir='ltr'><strong>eius</strong></span> <span class='ocrx_word' id='word_1_8' title='bbox 570 588 694 663; x_wconf 84' lang='lat' dir='ltr'><strong>verbis</strong></span> <span class='ocrx_word' id='word_1_9' title='bbox 716 592 915 666; x_wconf 82' lang='lat' dir='ltr'><strong>innonatio</strong></span> <span class='ocrx_word' id='word_1_10' title='bbox 941 594 1062 663; x_wconf 87' lang='lat' dir='ltr'><strong>omnis</strong></span> <span class='ocrx_word' id='word_1_11' title='bbox 1084 598 1154 666; x_wconf 89' lang='lat' dir='ltr'><strong>cri-</strong></span> 
     </span>
     <span class='ocr_line' id='line_1_3' title="bbox 97 722 1154 828; baseline -0.002 -26"><span class='ocrx_word' id='word_1_12' title='bbox 97 734 164 802; x_wconf 77' lang='lat' dir='ltr'><strong>tica</strong></span> <span class='ocrx_word' id='word_1_13' title='bbox 185 750 270 799; x_wconf 87' lang='lat' dir='ltr'><strong>non</strong></span> <span class='ocrx_word' id='word_1_14' title='bbox 286 722 414 797; x_wconf 89' lang='lat' dir='ltr'><strong>modo</strong></span> <span class='ocrx_word' id='word_1_15' title='bbox 432 722 594 824; x_wconf 84' lang='lat' dir='ltr'><strong>periculi</strong></span> <span class='ocrx_word' id='word_1_16' title='bbox 618 742 658 798; x_wconf 90' lang='lat' dir='ltr'><strong>et</strong></span> <span class='ocrx_word' id='word_1_17' title='bbox 681 724 923 801; x_wconf 80' lang='lat' dir='ltr'><strong>dubitationis</strong></span> <span class='ocrx_word' id='word_1_18' title='bbox 938 722 1054 798; x_wconf 88' lang='lat' dir='ltr'><strong>habet</strong></span> <span class='ocrx_word' id='word_1_19' title='bbox 1072 727 1154 828; x_wconf 91' lang='lat' dir='ltr'><strong>plu-</strong></span> 
     </span>
     <span class='ocr_line' id='line_1_4' title="bbox 95 858 1151 964; baseline -0.003 -26"><span class='ocrx_word' id='word_1_20' title='bbox 95 870 248 951; x_wconf 86' lang='lat' dir='ltr'><strong>rimum,</strong></span> <span class='ocrx_word' id='word_1_21' title='bbox 281 883 420 933; x_wconf 82' lang='lat' dir='ltr'><strong>verum</strong></span> <span class='ocrx_word' id='word_1_22' title='bbox 444 864 574 950; x_wconf 80' lang='lat' dir='ltr'><strong>etiam,</strong></span> <span class='ocrx_word' id='word_1_23' title='bbox 609 859 701 937; x_wconf 87' lang='lat' dir='ltr'><strong>dum</strong></span> <span class='ocrx_word' id='word_1_24' title='bbox 718 858 881 964; x_wconf 20' lang='lat' dir='ltr'><strong>,subinde</strong></span> <span class='ocrx_word' id='word_1_25' title='bbox 896 877 1001 933; x_wconf 84' lang='lat' dir='ltr'><strong>noua</strong></span> <span class='ocrx_word' id='word_1_26' title='bbox 1024 886 1151 935; x_wconf 83' lang='lat' dir='ltr'><strong>exem·</strong></span> 
     </span>
     <span class='ocr_line' id='line_1_5' title="bbox 96 992 1151 1101; baseline 0.002 -30"><span class='ocrx_word' id='word_1_27' title='bbox 96 998 253 1101; x_wconf 85' lang='lat' dir='ltr'><strong>plariurn</strong></span> <span class='ocrx_word' id='word_1_28' title='bbox 275 993 538 1101; x_wconf 83' lang='lat' dir='ltr'>discrepantia</span> <span class='ocrx_word' id='word_1_29' title='bbox 558 992 732 1087; x_wconf 86' lang='lat' dir='ltr'><strong>infertur,</strong></span> <span class='ocrx_word' id='word_1_30' title='bbox 776 1020 902 1071; x_wconf 82' lang='lat' dir='ltr'><strong>cares</strong></span> <span class='ocrx_word' id='word_1_31' title='bbox 922 994 1008 1095; x_wconf 82' lang='lat' dir='ltr'><strong>plus</strong></span> <span class='ocrx_word' id='word_1_32' title='bbox 1030 996 1151 1075; x_wconf 89' lang='lat' dir='ltr'><strong>mole·</strong></span> 
     </span>
     <span class='ocr_line' id='line_1_6' title="bbox 96 1127 1149 1231; baseline -0.001 -23"><span class='ocrx_word' id='word_1_33' title='bbox 96 1135 176 1219; x_wconf 80' lang='lat' dir='ltr'><strong>stiae</strong></span> <span class='ocrx_word' id='word_1_34' title='bbox 197 1154 238 1205; x_wconf 89' lang='lat' dir='ltr'><strong>et</strong></span> <span class='ocrx_word' id='word_1_35' title='bbox 262 1128 387 1203; x_wconf 87' lang='lat' dir='ltr'><strong>taedii</strong></span> <span class='ocrx_word' id='word_1_36' title='bbox 412 1154 526 1231; x_wconf 87' lang='lat' dir='ltr'><strong>quam</strong></span> <span class='ocrx_word' id='word_1_37' title='bbox 541 1128 685 1209; x_wconf 83' lang='lat' dir='ltr'><strong>fructus</strong></span> <span class='ocrx_word' id='word_1_38' title='bbox 708 1149 747 1207; x_wconf 89' lang='lat' dir='ltr'><strong>et</strong></span> <span class='ocrx_word' id='word_1_39' title='bbox 761 1130 926 1205; x_wconf 86' lang='lat' dir='ltr'><strong>vtilitatis</strong></span> <span class='ocrx_word' id='word_1_40' title='bbox 942 1127 1068 1222; x_wconf 81' lang='lat' dir='ltr'><strong>affert3</strong></span> <span class='ocrx_word' id='word_1_41' title='bbox 1110 1150 1149 1207; x_wconf 79' lang='lat' dir='ltr'><strong>vt</strong></span> 
     </span>
     <span class='ocr_line' id='line_1_7' title="bbox 96 1263 1147 1369; baseline -0.004 -24"><span class='ocrx_word' id='word_1_42' title='bbox 96 1270 206 1361; x_wconf 72' lang='lat' dir='ltr'><strong>odeo,</strong></span> <span class='ocrx_word' id='word_1_43' title='bbox 239 1294 293 1343; x_wconf 83' lang='lat' dir='ltr'><strong>ex</strong></span> <span class='ocrx_word' id='word_1_44' title='bbox 320 1292 403 1369; x_wconf 87' lang='lat' dir='ltr'><strong>quo</strong></span> <span class='ocrx_word' id='word_1_45' title='bbox 425 1266 539 1341; x_wconf 85' lang='lat' dir='ltr'><strong>lectio</strong></span> <span class='ocrx_word' id='word_1_46' title='bbox 561 1265 718 1342; x_wconf 83' lang='lat' dir='ltr'><strong>alicuius</strong></span> <span class='ocrx_word' id='word_1_47' title='bbox 739 1265 925 1368; x_wconf 68' lang='lat' dir='ltr'><strong>scriptoris</strong></span> <span class='ocrx_word' id='word_1_48' title='bbox 942 1263 1054 1342; x_wconf 87' lang='lat' dir='ltr'><strong>semel</strong></span> <span class='ocrx_word' id='word_1_49' title='bbox 1073 1266 1147 1342; x_wconf 82' lang='lat' dir='ltr'><strong>fuit</strong></span> 
     </span>
     <span class='ocr_line' id='line_1_8' title="bbox 96 1398 1142 1496; baseline -0.005 -17"><span class='ocrx_word' id='word_1_50' title='bbox 96 1406 142 1479; x_wconf 74' lang='lat' dir='ltr'><strong>ed</strong></span> <span class='ocrx_word' id='word_1_51' title='bbox 162 1402 347 1483; x_wconf 72' lang='lat' dir='ltr'><strong>codicum</strong></span> <span class='ocrx_word' id='word_1_52' title='bbox 373 1398 491 1479; x_wconf 78' lang='lat' dir='ltr'><strong>fidem</strong></span> <span class='ocrx_word' id='word_1_53' title='bbox 514 1420 690 1477; x_wconf 87' lang='lat' dir='ltr'><strong>accurate</strong></span> <span class='ocrx_word' id='word_1_54' title='bbox 720 1400 803 1477; x_wconf 81' lang='lat' dir='ltr'><strong>satis</strong></span> <span class='ocrx_word' id='word_1_55' title='bbox 825 1399 1041 1492; x_wconf 85' lang='lat' dir='ltr'><strong>constituta,</strong></span> <span class='ocrx_word' id='word_1_56' title='bbox 1085 1430 1142 1496; x_wconf 84' lang='lat' dir='ltr'><strong>ea,</strong></span> 
     </span>
     <span class='ocr_line' id='line_1_9' title="bbox 100 1535 1142 1644; baseline -0.002 -29"><span class='ocrx_word' id='word_1_57' title='bbox 100 1565 188 1644; x_wconf 80' lang='lat' dir='ltr'><strong>quae</strong></span> <span class='ocrx_word' id='word_1_58' title='bbox 208 1536 290 1615; x_wconf 71' lang='lat' dir='ltr'><strong>saue</strong></span> <span class='ocrx_word' id='word_1_59' title='bbox 307 1541 452 1637; x_wconf 84' lang='lat' dir='ltr'><strong>ingenii</strong></span> <span class='ocrx_word' id='word_1_60' title='bbox 478 1542 655 1615; x_wconf 79' lang='lat' dir='ltr'><strong>acumine</strong></span> <span class='ocrx_word' id='word_1_61' title='bbox 672 1535 750 1614; x_wconf 79' lang='lat' dir='ltr'><strong>flue</strong></span> <span class='ocrx_word' id='word_1_62' title='bbox 773 1536 950 1612; x_wconf 87' lang='lat' dir='ltr'><strong>codicum</strong></span> <span class='ocrx_word' id='word_1_63' title='bbox 966 1562 1042 1639; x_wconf 81' lang='lat' dir='ltr'><strong>ope</strong></span> <span class='ocrx_word' id='word_1_64' title='bbox 1060 1564 1142 1619; x_wconf 86' lang='lat' dir='ltr'><strong>mu·</strong></span> 
     </span>
     <span class='ocr_line' id='line_1_10' title="bbox 102 1668 1136 1778; baseline -0.002 -27"><span class='ocrx_word' id='word_1_65' title='bbox 102 1682 163 1751; x_wconf 75' lang='lat' dir='ltr'><strong>nri</strong></span> <span class='ocrx_word' id='word_1_66' title='bbox 178 1672 339 1778; x_wconf 85' lang='lat' dir='ltr'><strong>poffint,</strong></span> <span class='ocrx_word' id='word_1_67' title='bbox 391 1670 459 1752; x_wconf 82' lang='lat' dir='ltr'><strong>nist</strong></span> <span class='ocrx_word' id='word_1_68' title='bbox 479 1668 594 1775; x_wconf 84' lang='lat' dir='ltr'><strong>ipsam</strong></span> <span class='ocrx_word' id='word_1_69' title='bbox 619 1669 803 1774; x_wconf 78' lang='lat' dir='ltr'><strong>scriptoris</strong></span> <span class='ocrx_word' id='word_1_70' title='bbox 824 1671 1043 1747; x_wconf 82' lang='lat' dir='ltr'><strong>sententiam</strong></span> <span class='ocrx_word' id='word_1_71' title='bbox 1065 1671 1136 1749; x_wconf 80' lang='lat' dir='ltr'><strong>affi-</strong></span> 
     </span>
     <span class='ocr_line' id='line_1_11' title="bbox 101 1804 1141 1903; baseline -0.002 -19"><span class='ocrx_word' id='word_1_72' title='bbox 101 1820 206 1903; x_wconf 57' lang='lat' dir='ltr'><strong>nem,</strong></span> <span class='ocrx_word' id='word_1_73' title='bbox 251 1812 359 1883; x_wconf 78' lang='lat' dir='ltr'><strong>notin</strong></span> <span class='ocrx_word' id='word_1_74' title='bbox 390 1826 430 1882; x_wconf 92' lang='lat' dir='ltr'><strong>et</strong></span> <span class='ocrx_word' id='word_1_75' title='bbox 464 1804 789 1885; x_wconf 82' lang='lat' dir='ltr'><strong>obseruationibus</strong></span> <span class='ocrx_word' id='word_1_76' title='bbox 826 1806 964 1882; x_wconf 89' lang='lat' dir='ltr'><strong>seruari</strong></span> <span class='ocrx_word' id='word_1_77' title='bbox 1000 1808 1141 1887; x_wconf 85' lang='lat' dir='ltr'><strong>malim.</strong></span> 
     </span>
     <span class='ocr_line' id='line_1_12' title="bbox 98 1941 1142 2049; baseline -0.001 -29"><span class='ocrx_word' id='word_1_78' title='bbox 98 1947 265 2049; x_wconf 73' lang='lat' dir='ltr'><strong>Vrrgilius</strong></span> <span class='ocrx_word' id='word_1_79' title='bbox 299 1961 432 2021; x_wconf 82' lang='lat' dir='ltr'><strong>autem</strong></span> <span class='ocrx_word' id='word_1_80' title='bbox 460 1970 483 2017; x_wconf 90' lang='lat' dir='ltr'><strong>a</strong></span> <span class='ocrx_word' id='word_1_81' title='bbox 513 1948 692 2021; x_wconf 80' lang='lat' dir='ltr'><strong>trecentis</strong></span> <span class='ocrx_word' id='word_1_82' title='bbox 718 1941 818 2025; x_wconf 77' lang='lat' dir='ltr'><strong>inde</strong></span> <span class='ocrx_word' id='word_1_83' title='bbox 837 1947 945 2017; x_wconf 75' lang='lat' dir='ltr'><strong>annis</strong></span> <span class='ocrx_word' id='word_1_84' title='bbox 967 1961 1028 2016; x_wconf 90' lang='lat' dir='ltr'><strong>tot</strong></span> <span class='ocrx_word' id='word_1_85' title='bbox 1052 1944 1142 2020; x_wconf 92' lang='lat' dir='ltr'><strong>doc·</strong></span> 
     </span>
     <span class='ocr_line' id='line_1_13' title="bbox 95 2074 1140 2181; baseline -0.01 -20"><span class='ocrx_word' id='word_1_86' title='bbox 95 2082 309 2161; x_wconf 82' lang='lat' dir='ltr'><strong>riffimorum</strong></span> <span class='ocrx_word' id='word_1_87' title='bbox 322 2084 492 2154; x_wconf 81' lang='lat' dir='ltr'><strong>virorum</strong></span> <span class='ocrx_word' id='word_1_88' title='bbox 514 2074 632 2157; x_wconf 84' lang='lat' dir='ltr'><strong>studia</strong></span> <span class='ocrx_word' id='word_1_89' title='bbox 650 2094 825 2179; x_wconf 80' lang='lat' dir='ltr'><strong>expertus</strong></span> <span class='ocrx_word' id='word_1_90' title='bbox 844 2075 906 2170; x_wconf 87' lang='lat' dir='ltr'><strong>est,</strong></span> <span class='ocrx_word' id='word_1_91' title='bbox 929 2098 986 2171; x_wconf 83' lang='lat' dir='ltr'><strong>vt,</strong></span> <span class='ocrx_word' id='word_1_92' title='bbox 1025 2084 1140 2181; x_wconf 86' lang='lat' dir='ltr'><strong>inpri-</strong></span> 
     </span>
     <span class='ocr_line' id='line_1_14' title="bbox 92 2182 1211 2328; baseline -0.021 -34"><span class='ocrx_word' id='word_1_93' title='bbox 92 2226 159 2293; x_wconf 79' lang='lat' dir='ltr'><strong>mis</strong></span> <span class='ocrx_word' id='word_1_94' title='bbox 180 2215 264 2323; x_wconf 81' lang='lat' dir='ltr'><strong>post</strong></span> <span class='ocrx_word' id='word_1_95' title='bbox 284 2212 431 2328; x_wconf 74' lang='lat' dir='ltr'><strong>Heinfii</strong></span> <span class='ocrx_word' id='word_1_96' title='bbox 451 2238 497 2289; x_wconf 85' lang='lat' dir='ltr'><strong>nc</strong></span> <span class='ocrx_word' id='word_1_97' title='bbox 524 2215 727 2287; x_wconf 84' lang='lat' dir='ltr'><strong>Burmanni</strong></span> <span class='ocrx_word' id='word_1_98' title='bbox 742 2239 922 2317; x_wconf 82' lang='lat' dir='ltr'><strong>operam,</strong></span> <span class='ocrx_word' id='word_1_99' title='bbox 949 2240 1064 2291; x_wconf 82' lang='lat' dir='ltr'><strong>nemo</strong></span> <span class='ocrx_word' id='word_1_100' title='bbox 1084 2182 1139 2288; x_wconf 50' lang='lat' dir='ltr'><strong>fal</strong></span> <span class='ocrx_word' id='word_1_101' title='bbox 1194 2210 1211 2230; x_wconf 81' lang='grc'><strong>”</strong></span> 
     </span>
     <span class='ocr_line' id='line_1_15' title="bbox 7 2339 1138 2459; baseline -0.005 -28"><span class='ocrx_word' id='word_1_102' title='bbox 7 2339 8 2353; x_wconf 47' lang='grc'>’</span> <span class='ocrx_word' id='word_1_103' title='bbox 94 2356 162 2433; x_wconf 84' lang='lat' dir='ltr'><strong>tile</strong></span> <span class='ocrx_word' id='word_1_104' title='bbox 191 2372 270 2427; x_wconf 83' lang='lat' dir='ltr'><strong>tam</strong></span> <span class='ocrx_word' id='word_1_105' title='bbox 299 2374 422 2425; x_wconf 79' lang='lat' dir='ltr'><strong>vanus</strong></span> <span class='ocrx_word' id='word_1_106' title='bbox 456 2366 590 2423; x_wconf 83' lang='lat' dir='ltr'><strong>auctor</strong></span> <span class='ocrx_word' id='word_1_107' title='bbox 618 2354 843 2449; x_wconf 74' lang='lat' dir='ltr'><strong>reperiatur,</strong></span> <span class='ocrx_word' id='word_1_108' title='bbox 887 2356 958 2459; x_wconf 84' lang='lat' dir='ltr'><strong>qui·</strong></span> <span class='ocrx_word' id='word_1_109' title='bbox 984 2376 1008 2426; x_wconf 91' lang='lat' dir='ltr'><strong>e</strong></span> <span class='ocrx_word' id='word_1_110' title='bbox 1032 2350 1138 2425; x_wconf 73' lang='lat' dir='ltr'><strong>libris</strong></span> 
     </span>
     <span class='ocr_line' id='line_1_16' title="bbox 93 2482 1136 2593; baseline -0.003 -29"><span class='ocrx_word' id='word_1_111' title='bbox 93 2491 227 2593; x_wconf 80' lang='lat' dir='ltr'><strong>seriptis</strong></span> <span class='ocrx_word' id='word_1_112' title='bbox 249 2485 375 2559; x_wconf 81' lang='lat' dir='ltr'><strong>multa</strong></span> <span class='ocrx_word' id='word_1_113' title='bbox 402 2482 611 2584; x_wconf 81' lang='lat' dir='ltr'><strong>praeclara,</strong></span> <span class='ocrx_word' id='word_1_114' title='bbox 658 2510 758 2585; x_wconf 83' lang='lat' dir='ltr'><strong>quae</strong></span> <span class='ocrx_word' id='word_1_115' title='bbox 782 2486 955 2567; x_wconf 83' lang='lat' dir='ltr'><strong>nondum</strong></span> <span class='ocrx_word' id='word_1_116' title='bbox 987 2512 1036 2560; x_wconf 82' lang='lat' dir='ltr'><strong>ex</strong></span> <span class='ocrx_word' id='word_1_117' title='bbox 1056 2485 1136 2561; x_wconf 80' lang='lat' dir='ltr'><strong>aliia</strong></span> 
     </span>
     <span class='ocr_line' id='line_1_17' title="bbox 93 2617 1137 2719; baseline -0.003 -18"><span class='ocrx_word' id='word_1_118' title='bbox 93 2626 189 2701; x_wconf 77' lang='lat' dir='ltr'><strong>libris</strong></span> <span class='ocrx_word' id='word_1_119' title='bbox 212 2638 353 2697; x_wconf 85' lang='lat' dir='ltr'><strong>notata</strong></span> <span class='ocrx_word' id='word_1_120' title='bbox 373 2617 460 2710; x_wconf 82' lang='lat' dir='ltr'><strong>lint,</strong></span> <span class='ocrx_word' id='word_1_121' title='bbox 498 2618 672 2719; x_wconf 84' lang='lat' dir='ltr'>polliceri</span> <span class='ocrx_word' id='word_1_122' title='bbox 694 2619 796 2699; x_wconf 82' lang='lat' dir='ltr'><strong>ausit.</strong></span> <span class='ocrx_word' id='word_1_123' title='bbox 857 2620 975 2697; x_wconf 79' lang='lat' dir='ltr'><strong>Aliter</strong></span> <span class='ocrx_word' id='word_1_124' title='bbox 996 2619 1032 2696; x_wconf 90' lang='lat' dir='ltr'><strong>se</strong></span> <span class='ocrx_word' id='word_1_125' title='bbox 1054 2648 1137 2698; x_wconf 86' lang='lat' dir='ltr'><strong>rem</strong></span> 
     </span>
     <span class='ocr_line' id='line_1_18' title="bbox 91 2751 1137 2860; baseline -0.008 -23"><span class='ocrx_word' id='word_1_126' title='bbox 91 2762 225 2837; x_wconf 69' lang='lat' dir='ltr'><strong>habere</strong></span> <span class='ocrx_word' id='word_1_127' title='bbox 247 2758 349 2831; x_wconf 90' lang='lat' dir='ltr'><strong>noui</strong></span> <span class='ocrx_word' id='word_1_128' title='bbox 368 2761 410 2828; x_wconf 90' lang='lat' dir='ltr'><strong>in</strong></span> <span class='ocrx_word' id='word_1_129' title='bbox 428 2751 683 2853; x_wconf 77' lang='lat' dir='ltr'><strong>scriptoribus,</strong></span> <span class='ocrx_word' id='word_1_130' title='bbox 724 2781 888 2860; x_wconf 85' lang='lat' dir='ltr'><strong>quorum</strong></span> <span class='ocrx_word' id='word_1_131' title='bbox 909 2756 1137 2857; x_wconf 84' lang='lat' dir='ltr'><strong>exemplaria</strong></span> 
     </span>
     <span class='ocr_line' id='line_1_19' title="bbox 98 2888 1137 2999; baseline -0.006 -30"><span class='ocrx_word' id='word_1_132' title='bbox 98 2922 206 2999; x_wconf 77' lang='lat' dir='ltr'><strong>pauca</strong></span> <span class='ocrx_word' id='word_1_133' title='bbox 227 2910 300 2965; x_wconf 85' lang='lat' dir='ltr'><strong>aut</strong></span> <span class='ocrx_word' id='word_1_134' title='bbox 322 2908 454 2967; x_wconf 80' lang='lat' dir='ltr'><strong>extant</strong></span> <span class='ocrx_word' id='word_1_135' title='bbox 483 2908 548 2969; x_wconf 82' lang='lat' dir='ltr'><strong>aut</strong></span> <span class='ocrx_word' id='word_1_136' title='bbox 576 2888 743 2991; x_wconf 83' lang='lat' dir='ltr'><strong>inspecta</strong></span> <span class='ocrx_word' id='word_1_137' title='bbox 764 2888 859 2971; x_wconf 74' lang='lat' dir='ltr'><strong>sunt.</strong></span> <span class='ocrx_word' id='word_1_138' title='bbox 928 2892 979 2965; x_wconf 80' lang='lat' dir='ltr'><strong>At</strong></span> <span class='ocrx_word' id='word_1_139' title='bbox 1003 2914 1137 2965; x_wconf 87' lang='lat' dir='ltr'><strong>eorum</strong></span> 
     </span>
     <span class='ocr_line' id='line_1_20' title="bbox 98 3025 1135 3133; baseline -0.014 -25"><span class='ocrx_word' id='word_1_140' title='bbox 98 3030 334 3133; x_wconf 82' lang='lat' dir='ltr'><strong>scriptorum,</strong></span> <span class='ocrx_word' id='word_1_141' title='bbox 382 3050 546 3127; x_wconf 88' lang='lat' dir='ltr'><strong>quorum</strong></span> <span class='ocrx_word' id='word_1_142' title='bbox 574 3026 729 3103; x_wconf 81' lang='lat' dir='ltr'><strong>codices</strong></span> <span class='ocrx_word' id='word_1_143' title='bbox 760 3044 798 3100; x_wconf 89' lang='lat' dir='ltr'><strong>et</strong></span> <span class='ocrx_word' id='word_1_144' title='bbox 822 3043 946 3101; x_wconf 84' lang='lat' dir='ltr'><strong>aetate</strong></span> <span class='ocrx_word' id='word_1_145' title='bbox 970 3044 1009 3105; x_wconf 83' lang='lat' dir='ltr'><strong>et</strong></span> <span class='ocrx_word' id='word_1_146' title='bbox 1028 3025 1135 3101; x_wconf 76' lang='lat' dir='ltr'><strong>boni·</strong></span> 
     </span>
     <span class='ocr_line' id='line_1_21' title="bbox 94 3159 1134 3267; baseline -0.011 -25"><span class='ocrx_word' id='word_1_147' title='bbox 94 3186 163 3241; x_wconf 75' lang='lat' dir='ltr'><strong>tate</strong></span> <span class='ocrx_word' id='word_1_148' title='bbox 176 3160 412 3267; x_wconf 84' lang='lat' dir='ltr'><strong>praestantes</strong></span> <span class='ocrx_word' id='word_1_149' title='bbox 433 3186 570 3261; x_wconf 83' lang='lat' dir='ltr'><strong>magno</strong></span> <span class='ocrx_word' id='word_1_150' title='bbox 592 3186 754 3237; x_wconf 87' lang='lat' dir='ltr'><strong>numero</strong></span> <span class='ocrx_word' id='word_1_151' title='bbox 773 3167 850 3237; x_wconf 82' lang='lat' dir='ltr'><strong>iam</strong></span> <span class='ocrx_word' id='word_1_152' title='bbox 871 3160 1027 3263; x_wconf 82' lang='lat' dir='ltr'><strong>inspecti</strong></span> <span class='ocrx_word' id='word_1_153' title='bbox 1040 3159 1134 3253; x_wconf 72' lang='lat' dir='ltr'><strong>sunt,</strong></span> 
     </span>
     <span class='ocr_line' id='line_1_22' title="bbox 94 3295 1132 3402; baseline -0.003 -24"><span class='ocrx_word' id='word_1_154' title='bbox 94 3302 234 3379; x_wconf 69' lang='lat' dir='ltr'><strong>fiilios</strong></span> <span class='ocrx_word' id='word_1_155' title='bbox 269 3296 427 3374; x_wconf 82' lang='lat' dir='ltr'><strong>codices</strong></span> <span class='ocrx_word' id='word_1_156' title='bbox 465 3295 634 3396; x_wconf 79' lang='lat' dir='ltr'><strong>vulgares</strong></span> <span class='ocrx_word' id='word_1_157' title='bbox 663 3303 958 3402; x_wconf 80' lang='lat' dir='ltr'><strong>comparauen&#39;a,</strong></span> <span class='ocrx_word' id='word_1_158' title='bbox 1009 3302 1132 3375; x_wconf 74' lang='lat' dir='ltr'><strong>omnio</strong></span> 
     </span>
     <span class='ocr_line' id='line_1_23' title="bbox 94 3428 1133 3535; baseline -0.002 -24"><span class='ocrx_word' id='word_1_159' title='bbox 94 3436 229 3511; x_wconf 69' lang='lat' dir='ltr'><strong>tractes</strong></span> <span class='ocrx_word' id='word_1_160' title='bbox 250 3433 482 3535; x_wconf 86' lang='lat' dir='ltr'><strong>plerumque</strong></span> <span class='ocrx_word' id='word_1_161' title='bbox 497 3430 546 3503; x_wconf 88' lang='lat' dir='ltr'><strong>ad</strong></span> <span class='ocrx_word' id='word_1_162' title='bbox 559 3428 741 3507; x_wconf 82' lang='lat' dir='ltr'><strong>sollennes</strong></span> <span class='ocrx_word' id='word_1_163' title='bbox 758 3452 823 3506; x_wconf 86' lang='lat' dir='ltr'><strong>aut</strong></span> <span class='ocrx_word' id='word_1_164' title='bbox 845 3455 970 3516; x_wconf 76' lang='lat' dir='ltr'><strong>nouos</strong></span> <span class='ocrx_word' id='word_1_165' title='bbox 986 3458 1133 3509; x_wconf 72' lang='lat' dir='ltr'><strong>errores</strong></span> 
     </span>
     <span class='ocr_line' id='line_1_24' title="bbox 94 3566 1134 3662; baseline -0.004 -19"><span class='ocrx_word' id='word_1_166' title='bbox 94 3570 348 3659; x_wconf 77' lang='lat' dir='ltr'><strong>librariorum,</strong></span> <span class='ocrx_word' id='word_1_167' title='bbox 373 3582 413 3641; x_wconf 89' lang='lat' dir='ltr'><strong>et</strong></span> <span class='ocrx_word' id='word_1_168' title='bbox 430 3570 623 3641; x_wconf 84' lang='lat' dir='ltr'><strong>varietates</strong></span> <span class='ocrx_word' id='word_1_169' title='bbox 639 3570 715 3641; x_wconf 85' lang='lat' dir='ltr'><strong>iam</strong></span> <span class='ocrx_word' id='word_1_170' title='bbox 729 3566 883 3643; x_wconf 86' lang='lat' dir='ltr'><strong>aliunde</strong></span> <span class='ocrx_word' id='word_1_171' title='bbox 896 3588 1006 3645; x_wconf 82' lang='lat' dir='ltr'><strong>notae</strong></span> <span class='ocrx_word' id='word_1_172' title='bbox 1018 3567 1134 3662; x_wconf 77' lang='lat' dir='ltr'><strong>redit3</strong></span> 
     </span>
     <span class='ocr_line' id='line_1_25' title="bbox 97 3700 1135 3805; baseline -0.003 -25"><span class='ocrx_word' id='word_1_173' title='bbox 97 3712 141 3781; x_wconf 83' lang='lat' dir='ltr'><strong>ita</strong></span> <span class='ocrx_word' id='word_1_174' title='bbox 160 3704 262 3779; x_wconf 81' lang='lat' dir='ltr'><strong>male</strong></span> <span class='ocrx_word' id='word_1_175' title='bbox 281 3701 496 3783; x_wconf 74' lang='lat' dir='ltr'><strong>collocetur</strong></span> <span class='ocrx_word' id='word_1_176' title='bbox 516 3707 648 3779; x_wconf 85' lang='lat' dir='ltr'><strong>otium.</strong></span> <span class='ocrx_word' id='word_1_177' title='bbox 711 3706 861 3805; x_wconf 83' lang='lat' dir='ltr'><strong>Itaque,</strong></span> <span class='ocrx_word' id='word_1_178' title='bbox 904 3700 1038 3805; x_wconf 77' lang='lat' dir='ltr'><strong>liquis</strong></span> <span class='ocrx_word' id='word_1_179' title='bbox 1058 3701 1135 3777; x_wconf 87' lang='lat' dir='ltr'><strong>lec·</strong></span> 
     </span>
     <span class='ocr_line' id='line_1_26' title="bbox 97 3836 1138 3939; baseline -0.008 -20"><span class='ocrx_word' id='word_1_180' title='bbox 97 3850 203 3919; x_wconf 79' lang='lat' dir='ltr'><strong>tionis</strong></span> <span class='ocrx_word' id='word_1_181' title='bbox 224 3844 449 3915; x_wconf 75' lang='lat' dir='ltr'><strong>varietatem</strong></span> <span class='ocrx_word' id='word_1_182' title='bbox 472 3861 521 3913; x_wconf 82' lang='lat' dir='ltr'><strong>ex</strong></span> <span class='ocrx_word' id='word_1_183' title='bbox 536 3840 686 3939; x_wconf 83' lang='lat' dir='ltr'><strong>optimis</strong></span> <span class='ocrx_word' id='word_1_184' title='bbox 701 3836 805 3914; x_wconf 76' lang='lat' dir='ltr'><strong>libris</strong></span> <span class='ocrx_word' id='word_1_185' title='bbox 825 3838 876 3921; x_wconf 78' lang='lat' dir='ltr'><strong>ed</strong></span> <span class='ocrx_word' id='word_1_186' title='bbox 894 3836 1061 3913; x_wconf 87' lang='lat' dir='ltr'><strong>nostrum</strong></span> <span class='ocrx_word' id='word_1_187' title='bbox 1079 3862 1138 3911; x_wconf 79' lang='lat' dir='ltr'><strong>vs·</strong></span> 
     </span>
     <span class='ocr_line' id='line_1_27' title="bbox 99 3970 1138 4085; baseline -0.011 -30"><span class='ocrx_word' id='word_1_188' title='bbox 99 4006 170 4085; x_wconf 83' lang='lat' dir='ltr'><strong>qne</strong></span> <span class='ocrx_word' id='word_1_189' title='bbox 197 3998 350 4077; x_wconf 78' lang='lat' dir='ltr'><strong>tempus</strong></span> <span class='ocrx_word' id='word_1_190' title='bbox 375 3972 545 4073; x_wconf 81' lang='lat' dir='ltr'><strong>vndlque</strong></span> <span class='ocrx_word' id='word_1_191' title='bbox 575 3970 788 4076; x_wconf 80' lang='lat' dir='ltr'><strong>congestam</strong></span> <span class='ocrx_word' id='word_1_192' title='bbox 816 3972 1043 4064; x_wconf 84' lang='lat' dir='ltr'><strong>confideret,</strong></span> <span class='ocrx_word' id='word_1_193' title='bbox 1088 3970 1138 4044; x_wconf 83' lang='lat' dir='ltr'><strong>ed</strong></span> 
     </span>
     <span class='ocr_line' id='line_1_28' title="bbox 104 4110 1138 4211; baseline -0.01 -22"><span class='ocrx_word' id='word_1_194' title='bbox 104 4112 392 4193; x_wconf 74' lang='lat' dir='ltr'><strong>emendatiorem</strong></span> <span class='ocrx_word' id='word_1_195' title='bbox 424 4128 465 4185; x_wconf 89' lang='lat' dir='ltr'><strong>et</strong></span> <span class='ocrx_word' id='word_1_196' title='bbox 493 4114 721 4185; x_wconf 88' lang='lat' dir='ltr'><strong>ornatiorem</strong></span> <span class='ocrx_word' id='word_1_197' title='bbox 744 4110 938 4211; x_wconf 83' lang='lat' dir='ltr'><strong>Virgiliani</strong></span> <span class='ocrx_word' id='word_1_198' title='bbox 965 4111 1138 4183; x_wconf 80' lang='lat' dir='ltr'><strong>carminis</strong></span> 
     </span>
     <span class='ocr_line' id='line_1_29' title="bbox 105 4241 1140 4354; baseline -0.011 -27"><span class='ocrx_word' id='word_1_199' title='bbox 105 4252 300 4329; x_wconf 84' lang='lat' dir='ltr'><strong>lectionem</strong></span> <span class='ocrx_word' id='word_1_200' title='bbox 318 4272 479 4354; x_wconf 86' lang='lat' dir='ltr'><strong>operam</strong></span> <span class='ocrx_word' id='word_1_201' title='bbox 501 4252 749 4330; x_wconf 76' lang='lat' dir='ltr'><strong>recentiorem</strong></span> <span class='ocrx_word' id='word_1_202' title='bbox 768 4247 1028 4322; x_wconf 84' lang='lat' dir='ltr'><strong>multominus</strong></span> <span class='ocrx_word' id='word_1_203' title='bbox 1043 4241 1140 4317; x_wconf 80' lang='lat' dir='ltr'><strong>truc-</strong></span> 
     </span>
    </p>
   </div>
   <div class='ocr_carea' id='block_1_3' title="bbox 0 0 1478 5067">
    <p class='ocr_par' dir='ltr' id='par_1_3' title="bbox 0 0 1478 5067">
     <span class='ocr_line' id='line_1_30' title="bbox 0 0 1478 5067; baseline 0 0"><span class='ocrx_word' id='word_1_204' title='bbox 0 0 1478 5067; x_wconf 95' lang='lat' dir='ltr'><strong> </strong></span> 
     </span>
    </p>
   </div>
  </div>
 </body>
</html>
