<?xml version="1.0" encoding="UTF-8"?>
<!DOCTYPE html PUBLIC "-//W3C//DTD XHTML 1.0 Transitional//EN"
    "http://www.w3.org/TR/xhtml1/DTD/xhtml1-transitional.dtd">
<html xmlns="http://www.w3.org/1999/xhtml" xml:lang="en" lang="en">
 <head>
  <title>
</title>
<meta http-equiv="Content-Type" content="text/html;charset=utf-8" />
  <meta name='ocr-system' content='tesseract 3.04.00' />
  <meta name='ocr-capabilities' content='ocr_page ocr_carea ocr_par ocr_line ocrx_word'/>
</head>
<body>
  <div class='ocr_page' id='page_1' title='image "./varietatelectio00heyngoog_0286.png"; bbox 0 0 2942 5067; ppageno 0'>
   <div class='ocr_carea' id='block_1_1' title="bbox 334 331 1212 464">
    <p class='ocr_par' dir='ltr' id='par_1_1' title="bbox 334 331 1212 464">
     <span class='ocr_line' id='line_1_1' title="bbox 334 331 1212 464; baseline 0.03 -26"><span class='ocrx_word' id='word_1_1' title='bbox 334 381 456 451; x_wconf 66' lang='grc' dir='ltr'><em>,ω</em></span> <span class='ocrx_word' id='word_1_2' title='bbox 593 331 907 454; x_wconf 67' lang='lat' dir='ltr'><em>nummum</em></span> <span class='ocrx_word' id='word_1_3' title='bbox 941 378 1212 464; x_wconf 70' lang='lat' dir='ltr'><em>utnoms.</em></span> 
     </span>
    </p>
   </div>
   <div class='ocr_carea' id='block_1_2' title="bbox 370 561 1383 866">
    <p class='ocr_par' dir='ltr' id='par_1_2' title="bbox 370 561 1383 866">
     <span class='ocr_line' id='line_1_2' title="bbox 381 561 1380 656; baseline 0.001 -32"><span class='ocrx_word' id='word_1_4' title='bbox 381 567 472 624; x_wconf 88' lang='lat' dir='ltr'><em>niam</em></span> <span class='ocrx_word' id='word_1_5' title='bbox 488 561 527 628; x_wconf 83' lang='lat' dir='ltr'><em>V</em></span> <span class='ocrx_word' id='word_1_6' title='bbox 522 561 660 624; x_wconf 84' lang='lat' dir='ltr'><em>olumnii</em></span> <span class='ocrx_word' id='word_1_7' title='bbox 670 565 846 648; x_wconf 84' lang='lat' dir='ltr'><em>Eutrapeli</em></span> <span class='ocrx_word' id='word_1_8' title='bbox 859 565 978 628; x_wconf 86' lang='lat' dir='ltr'><em>liberto</em></span> <span class='ocrx_word' id='word_1_9' title='bbox 991 569 1076 651; x_wconf 82' lang='lat' dir='ltr'><em>effet.</em></span> <span class='ocrx_word' id='word_1_10' title='bbox 1122 569 1218 656; x_wconf 84' lang='lat' dir='ltr'><em>Quod</em></span> <span class='ocrx_word' id='word_1_11' title='bbox 1229 587 1295 630; x_wconf 83' lang='lat' dir='ltr'><em>eom</em></span> <span class='ocrx_word' id='word_1_12' title='bbox 1304 561 1380 650; x_wconf 67' lang='lat' dir='ltr'><em>ferri</em></span> 
     </span>
     <span class='ocr_line' id='line_1_3' title="bbox 377 663 1383 760; baseline 0.003 -28"><span class='ocrx_word' id='word_1_13' title='bbox 377 670 498 756; x_wconf 77' lang='lat' dir='ltr'><em>poffrtt</em></span> <span class='ocrx_word' id='word_1_14' title='bbox 549 670 636 732; x_wconf 81' lang='lat' dir='ltr'><em>illud</em></span> <span class='ocrx_word' id='word_1_15' title='bbox 653 672 815 747; x_wconf 84' lang='lat' dir='ltr'><em>alterum,</em></span> <span class='ocrx_word' id='word_1_16' title='bbox 839 673 958 756; x_wconf 83' lang='lat' dir='ltr'><em>quod,</em></span> <span class='ocrx_word' id='word_1_17' title='bbox 1000 675 1043 737; x_wconf 91' lang='lat' dir='ltr'><em>de</em></span> <span class='ocrx_word' id='word_1_18' title='bbox 1071 663 1247 760; x_wconf 75' lang='lat' dir='ltr'><em>temporum</em></span> <span class='ocrx_word' id='word_1_19' title='bbox 1272 677 1383 736; x_wconf 81' lang='lat' dir='ltr'><em>ratione</em></span> 
     </span>
     <span class='ocr_line' id='line_1_4' title="bbox 370 775 1381 866; baseline 0 -28"><span class='ocrx_word' id='word_1_20' title='bbox 370 781 505 859; x_wconf 82' lang='lat' dir='ltr'><em>securi,</em></span> <span class='ocrx_word' id='word_1_21' title='bbox 529 775 734 838; x_wconf 81' lang='lat' dir='ltr'><em>contendunt</em></span> <span class='ocrx_word' id='word_1_22' title='bbox 757 799 799 838; x_wconf 77' lang='lat' dir='ltr'><em>ex</em></span> <span class='ocrx_word' id='word_1_23' title='bbox 822 780 936 840; x_wconf 82' lang='lat' dir='ltr'><em>Serrtio</em></span> <span class='ocrx_word' id='word_1_24' title='bbox 959 781 1007 842; x_wconf 99' lang='grc' dir='ltr'><em>αδ</em></span> <span class='ocrx_word' id='word_1_25' title='bbox 1024 806 1056 843; x_wconf 87' lang='lat' dir='ltr'><em>u.</em></span> <span class='ocrx_word' id='word_1_26' title='bbox 1077 805 1103 858; x_wconf 82' lang='lat' dir='ltr'><em>t,</em></span> <span class='ocrx_word' id='word_1_27' title='bbox 1140 807 1212 846; x_wconf 89' lang='lat' dir='ltr'><em>eam</em></span> <span class='ocrx_word' id='word_1_28' title='bbox 1229 797 1381 866; x_wconf 86' lang='lat' dir='ltr'><em>propterea</em></span> 
     </span>
    </p>
   </div>
   <div class='ocr_carea' id='block_1_3' title="bbox 305 883 1388 4390">
    <p class='ocr_par' dir='ltr' id='par_1_3' title="bbox 305 883 1388 4390">
     <span class='ocr_line' id='line_1_5' title="bbox 384 883 1379 967; baseline -0.004 -19"><span class='ocrx_word' id='word_1_29' title='bbox 384 888 520 949; x_wconf 88' lang='lat' dir='ltr'><em>Gallum</em></span> <span class='ocrx_word' id='word_1_30' title='bbox 536 883 727 964; x_wconf 72' lang='lat' dir='ltr'><em>destituiffe,</em></span> <span class='ocrx_word' id='word_1_31' title='bbox 757 883 850 967; x_wconf 84' lang='lat' dir='ltr'><em>quod</em></span> <span class='ocrx_word' id='word_1_32' title='bbox 862 885 1048 949; x_wconf 84' lang='lat' dir='ltr'><em>Antonium</em></span> <span class='ocrx_word' id='word_1_33' title='bbox 1067 889 1116 966; x_wconf 81' lang='lat' dir='ltr'><em>ad</em></span> <span class='ocrx_word' id='word_1_34' title='bbox 1130 891 1254 953; x_wconf 83' lang='lat' dir='ltr'><em>Gallias</em></span> <span class='ocrx_word' id='word_1_35' title='bbox 1273 902 1379 949; x_wconf 88' lang='lat' dir='ltr'><em>euntem</em></span> 
     </span>
     <span class='ocr_line' id='line_1_6' title="bbox 371 991 1380 1080; baseline 0.003 -25"><span class='ocrx_word' id='word_1_36' title='bbox 371 997 520 1080; x_wconf 85' lang='lat' dir='ltr'><em>sequuta</em></span> <span class='ocrx_word' id='word_1_37' title='bbox 542 991 637 1074; x_wconf 49' lang='lat' dir='ltr'><em>efflet</em></span> <span class='ocrx_word' id='word_1_38' title='bbox 670 1011 736 1073; x_wconf 71' lang='grc' dir='ltr'><strong><em>91Ιο</em></strong></span> <span class='ocrx_word' id='word_1_39' title='bbox 757 1011 789 1052; x_wconf 83' lang='lat' dir='ltr'><em>v·</em></span> <span class='ocrx_word' id='word_1_40' title='bbox 806 993 927 1076; x_wconf 66' lang='lat' dir='ltr'><em>zzsqq.</em></span> <span class='ocrx_word' id='word_1_41' title='bbox 946 997 1070 1080; x_wconf 69' lang='lat' dir='ltr'><em>46sqq.</em></span> <span class='ocrx_word' id='word_1_42' title='bbox 1105 1001 1268 1076; x_wconf 75' lang='lat' dir='ltr'><em>referunt,</em></span> <span class='ocrx_word' id='word_1_43' title='bbox 1295 991 1380 1076; x_wconf 77' lang='lat' dir='ltr'><em>fidem</em></span> 
     </span>
     <span class='ocr_line' id='line_1_7' title="bbox 380 1096 1380 1187; baseline -0.004 -25"><span class='ocrx_word' id='word_1_44' title='bbox 380 1125 450 1164; x_wconf 86' lang='lat' dir='ltr'><em>nou</em></span> <span class='ocrx_word' id='word_1_45' title='bbox 470 1098 579 1160; x_wconf 74' lang='lat' dir='ltr'><em>liabet.</em></span> <span class='ocrx_word' id='word_1_46' title='bbox 644 1096 731 1158; x_wconf 85' lang='lat' dir='ltr'><em>Nam</em></span> <span class='ocrx_word' id='word_1_47' title='bbox 758 1099 905 1179; x_wconf 90' lang='lat' dir='ltr'><em>primum</em></span> <span class='ocrx_word' id='word_1_48' title='bbox 923 1101 1093 1164; x_wconf 84' lang='lat' dir='ltr'><em>Antonius</em></span> <span class='ocrx_word' id='word_1_49' title='bbox 1116 1101 1310 1187; x_wconf 75' lang='lat' dir='ltr'><em>Cytheridem</em></span> <span class='ocrx_word' id='word_1_50' title='bbox 1327 1103 1380 1158; x_wconf 87' lang='lat' dir='ltr'><em>iam</em></span> 
     </span>
     <span class='ocr_line' id='line_1_8' title="bbox 373 1203 1382 1294; baseline -0.008 -25"><span class='ocrx_word' id='word_1_51' title='bbox 373 1224 463 1270; x_wconf 81' lang='lat' dir='ltr'><em>ante</em></span> <span class='ocrx_word' id='word_1_52' title='bbox 476 1227 539 1287; x_wconf 83' lang='lat'><em>709</em></span> <span class='ocrx_word' id='word_1_53' title='bbox 559 1203 748 1284; x_wconf 76' lang='lat' dir='ltr'><em>dimiſserat:</em></span> <span class='ocrx_word' id='word_1_54' title='bbox 773 1203 924 1288; x_wconf 75' lang='lat' dir='ltr'><em>adeoque</em></span> <span class='ocrx_word' id='word_1_55' title='bbox 940 1223 1019 1269; x_wconf 87' lang='lat' dir='ltr'><em>aute</em></span> <span class='ocrx_word' id='word_1_56' title='bbox 1033 1209 1073 1270; x_wconf 90' lang='lat' dir='ltr'><em>id</em></span> <span class='ocrx_word' id='word_1_57' title='bbox 1085 1226 1227 1294; x_wconf 84' lang='lat' dir='ltr'><em>tempus,</em></span> <span class='ocrx_word' id='word_1_58' title='bbox 1246 1229 1305 1294; x_wconf 90' lang='lat' dir='ltr'><em>quo</em></span> <span class='ocrx_word' id='word_1_59' title='bbox 1317 1205 1382 1264; x_wconf 79' lang='lat' dir='ltr'><em>luteo</em></span> 
     </span>
     <span class='ocr_line' id='line_1_9' title="bbox 378 1307 1383 1400; baseline -0.002 -28"><span class='ocrx_word' id='word_1_60' title='bbox 378 1312 451 1400; x_wconf 74' lang='lat' dir='ltr'><em>posi</em></span> <span class='ocrx_word' id='word_1_61' title='bbox 473 1314 618 1394; x_wconf 78' lang='lat' dir='ltr'><em>reliquae</em></span> <span class='ocrx_word' id='word_1_62' title='bbox 639 1329 751 1371; x_wconf 83' lang='lat' dir='ltr'><em>omnes</em></span> <span class='ocrx_word' id='word_1_63' title='bbox 773 1313 887 1390; x_wconf 77' lang='lat' dir='ltr'><em>ecloga</em></span> <span class='ocrx_word' id='word_1_64' title='bbox 903 1315 1011 1391; x_wconf 81' lang='lat' dir='ltr'><em>scribi</em></span> <span class='ocrx_word' id='word_1_65' title='bbox 1033 1321 1163 1399; x_wconf 89' lang='lat' dir='ltr'><em>potuit,·</em></span> <span class='ocrx_word' id='word_1_66' title='bbox 1196 1339 1236 1378; x_wconf 91' lang='lat' dir='ltr'><em>eo</em></span> <span class='ocrx_word' id='word_1_67' title='bbox 1257 1319 1332 1376; x_wconf 86' lang='lat' dir='ltr'><em>enim</em></span> <span class='ocrx_word' id='word_1_68' title='bbox 1350 1307 1383 1370; x_wconf 80' lang='lat' dir='ltr'><em>dt</em></span> 
     </span>
     <span class='ocr_line' id='line_1_10' title="bbox 381 1419 1382 1504; baseline -0.006 -22"><span class='ocrx_word' id='word_1_69' title='bbox 381 1443 419 1482; x_wconf 91' lang='lat' dir='ltr'><em>re</em></span> <span class='ocrx_word' id='word_1_70' title='bbox 432 1425 499 1481; x_wconf 89' lang='lat' dir='ltr'><em>iam</em></span> <span class='ocrx_word' id='word_1_71' title='bbox 516 1420 681 1480; x_wconf 77' lang='lat' dir='ltr'><em>Ciceronis</em></span> <span class='ocrx_word' id='word_1_72' title='bbox 692 1419 833 1499; x_wconf 83' lang='lat' dir='ltr'><em>Pltilipp.</em></span> <span class='ocrx_word' id='word_1_73' title='bbox 848 1422 892 1486; x_wconf 92' lang='lat' dir='ltr'><em>II,</em></span> <span class='ocrx_word' id='word_1_74' title='bbox 908 1423 958 1494; x_wconf 80' lang='lat'><em>28,</em></span> <span class='ocrx_word' id='word_1_75' title='bbox 975 1425 1000 1500; x_wconf 82' lang='lat'><em>§.</em></span> <span class='ocrx_word' id='word_1_76' title='bbox 1017 1426 1057 1504; x_wconf 84' lang='lat'><em>69</em></span> <span class='ocrx_word' id='word_1_77' title='bbox 1079 1425 1171 1485; x_wconf 85' lang='lat' dir='ltr'><em>loeus</em></span> <span class='ocrx_word' id='word_1_78' title='bbox 1184 1423 1235 1502; x_wconf 61' lang='lat' dir='ltr'><em>esi</em></span> <span class='ocrx_word' id='word_1_79' title='bbox 1268 1422 1382 1483; x_wconf 80' lang='lat' dir='ltr'><em>Decima</em></span> 
     </span>
     <span class='ocr_line' id='line_1_11' title="bbox 379 1523 1381 1610; baseline -0.009 -20"><span class='ocrx_word' id='word_1_80' title='bbox 379 1543 494 1590; x_wconf 90' lang='lat' dir='ltr'><em>autem</em></span> <span class='ocrx_word' id='word_1_81' title='bbox 515 1526 605 1594; x_wconf 72' lang='lat' dir='ltr'><em>liaeo,</em></span> <span class='ocrx_word' id='word_1_82' title='bbox 618 1525 731 1602; x_wconf 73' lang='lat' dir='ltr'><em>ecloga</em></span> <span class='ocrx_word' id='word_1_83' title='bbox 747 1539 903 1604; x_wconf 82' lang='lat' dir='ltr'><em>ante717</em></span> <span class='ocrx_word' id='word_1_84' title='bbox 930 1529 989 1586; x_wconf 76' lang='lat' dir='ltr'><em>vix</em></span> <span class='ocrx_word' id='word_1_85' title='bbox 999 1531 1132 1608; x_wconf 84' lang='lat' dir='ltr'><em>scripta</em></span> <span class='ocrx_word' id='word_1_86' title='bbox 1150 1529 1211 1610; x_wconf 72' lang='lat' dir='ltr'><em>est,</em></span> <span class='ocrx_word' id='word_1_87' title='bbox 1240 1543 1275 1590; x_wconf 83' lang='lat' dir='ltr'><em>vt</em></span> <span class='ocrx_word' id='word_1_88' title='bbox 1290 1523 1381 1606; x_wconf 81' lang='lat' dir='ltr'><em>porrllt</em></span> 
     </span>
     <span class='ocr_line' id='line_1_12' title="bbox 370 1628 1383 1722; baseline -0.007 -26"><span class='ocrx_word' id='word_1_89' title='bbox 370 1633 450 1720; x_wconf 77' lang='lat' dir='ltr'><em>¹post</em></span> <span class='ocrx_word' id='word_1_90' title='bbox 468 1631 661 1694; x_wconf 81' lang='lat' dir='ltr'><em>uidebimus.</em></span> <span class='ocrx_word' id='word_1_91' title='bbox 717 1628 852 1690; x_wconf 80' lang='lat' dir='ltr'><em>Deinde</em></span> <span class='ocrx_word' id='word_1_92' title='bbox 875 1653 954 1692; x_wconf 88' lang='lat' dir='ltr'><em>vero</em></span> <span class='ocrx_word' id='word_1_93' title='bbox 975 1637 1016 1696; x_wconf 79' lang='lat' dir='ltr'><em>iis</em></span> <span class='ocrx_word' id='word_1_94' title='bbox 1035 1641 1151 1706; x_wconf 81' lang='lat' dir='ltr'><em>anuis,</em></span> <span class='ocrx_word' id='word_1_95' title='bbox 1191 1635 1300 1722; x_wconf 82' lang='lat' dir='ltr'><em>quibus</em></span> <span class='ocrx_word' id='word_1_96' title='bbox 1318 1633 1383 1690; x_wconf 76' lang='lat' dir='ltr'><em>lueet</em></span> 
     </span>
     <span class='ocr_line' id='line_1_13' title="bbox 368 1735 1384 1822; baseline -0.006 -20"><span class='ocrx_word' id='word_1_97' title='bbox 368 1744 496 1820; x_wconf 80' lang='lat' dir='ltr'><em>ecloga</em></span> <span class='ocrx_word' id='word_1_98' title='bbox 514 1740 645 1822; x_wconf 83' lang='lat' dir='ltr'><em>scripta</em></span> <span class='ocrx_word' id='word_1_99' title='bbox 666 1735 729 1819; x_wconf 81' lang='lat' dir='ltr'><em>effe</em></span> <span class='ocrx_word' id='word_1_100' title='bbox 749 1737 871 1819; x_wconf 67' lang='lat' dir='ltr'><em>potest,</em></span> <span class='ocrx_word' id='word_1_101' title='bbox 907 1739 1075 1806; x_wconf 84' lang='lat' dir='ltr'><em>Antonius</em></span> <span class='ocrx_word' id='word_1_102' title='bbox 1100 1748 1137 1802; x_wconf 91' lang='lat' dir='ltr'><em>iu</em></span> <span class='ocrx_word' id='word_1_103' title='bbox 1161 1746 1303 1810; x_wconf 78' lang='lat' dir='ltr'><em>Oriente,</em></span> <span class='ocrx_word' id='word_1_104' title='bbox 1330 1755 1384 1796; x_wconf 85' lang='lat' dir='ltr'><em>nou</em></span> 
     </span>
     <span class='ocr_line' id='line_1_14' title="bbox 368 1843 1384 1929; baseline -0.003 -21"><span class='ocrx_word' id='word_1_105' title='bbox 368 1853 417 1912; x_wconf 85' lang='lat' dir='ltr'><em>-in</em></span> <span class='ocrx_word' id='word_1_106' title='bbox 432 1847 563 1920; x_wconf 88' lang='lat' dir='ltr'><em>Gallia,</em></span> <span class='ocrx_word' id='word_1_107' title='bbox 576 1847 661 1928; x_wconf 72' lang='lat' dir='ltr'><em>ficit.</em></span> <span class='ocrx_word' id='word_1_108' title='bbox 707 1843 801 1928; x_wconf 82' lang='lat' dir='ltr'><em>Quae</em></span> <span class='ocrx_word' id='word_1_109' title='bbox 822 1850 935 1906; x_wconf 88' lang='lat' dir='ltr'><em>omnia</em></span> <span class='ocrx_word' id='word_1_110' title='bbox 956 1847 1053 1908; x_wconf 88' lang='lat' dir='ltr'><em>doete</em></span> <span class='ocrx_word' id='word_1_111' title='bbox 1070 1849 1300 1929; x_wconf 75' lang='lat' dir='ltr'><em>demonstrauit</em></span> <span class='ocrx_word' id='word_1_112' title='bbox 1311 1845 1384 1905; x_wconf 82' lang='lat' dir='ltr'><em>Mar-</em></span> 
     </span>
     <span class='ocr_line' id='line_1_15' title="bbox 315 1948 1385 2038; baseline 0 -24"><span class='ocrx_word' id='word_1_113' title='bbox 315 1991 319 1997; x_wconf 43' lang='lat'><em>*</em></span> <span class='ocrx_word' id='word_1_114' title='bbox 379 1961 440 2021; x_wconf 84' lang='lat' dir='ltr'><em>tiu.</em></span> <span class='ocrx_word' id='word_1_115' title='bbox 462 1953 511 2015; x_wconf 87' lang='grc' dir='ltr'><em>αδ</em></span> <span class='ocrx_word' id='word_1_116' title='bbox 529 1976 560 2013; x_wconf 86' lang='lat' dir='ltr'><em>u.</em></span> <span class='ocrx_word' id='word_1_117' title='bbox 580 1974 631 2014; x_wconf 73' lang='grc' dir='ltr'><em>αα.</em></span> <span class='ocrx_word' id='word_1_118' title='bbox 688 1951 804 2034; x_wconf 83' lang='lat' dir='ltr'><em>Neque</em></span> <span class='ocrx_word' id='word_1_119' title='bbox 826 1955 919 2034; x_wconf 89' lang='lat' dir='ltr'><em>ferri</em></span> <span class='ocrx_word' id='word_1_120' title='bbox 948 1955 1055 2034; x_wconf 66' lang='lat' dir='ltr'><em>potest</em></span> <span class='ocrx_word' id='word_1_121' title='bbox 1086 1955 1212 2038; x_wconf 80' lang='lat' dir='ltr'><em>doetiff.</em></span> <span class='ocrx_word' id='word_1_122' title='bbox 1233 1948 1385 2033; x_wconf 74' lang='lat' dir='ltr'><em>Morgagni</em></span> 
     </span>
     <span class='ocr_line' id='line_1_16' title="bbox 380 2057 1384 2149; baseline -0.01 -27"><span class='ocrx_word' id='word_1_123' title='bbox 380 2063 522 2149; x_wconf 78' lang='lat' dir='ltr'><em>(opusc.</em></span> <span class='ocrx_word' id='word_1_124' title='bbox 540 2059 672 2139; x_wconf 72' lang='lat' dir='ltr'><em>miscell.</em></span> <span class='ocrx_word' id='word_1_125' title='bbox 690 2060 723 2118; x_wconf 88' lang='lat' dir='ltr'><em>T.</em></span> <span class='ocrx_word' id='word_1_126' title='bbox 736 2060 799 2128; x_wconf 90' lang='lat' dir='ltr'><em>III,</em></span> <span class='ocrx_word' id='word_1_127' title='bbox 815 2059 901 2140; x_wconf 78' lang='lat' dir='ltr'><em>epiJl</em></span> <span class='ocrx_word' id='word_1_128' title='bbox 915 2061 1036 2122; x_wconf 88' lang='lat' dir='ltr'><em>Aemil.</em></span> <span class='ocrx_word' id='word_1_129' title='bbox 1045 2065 1124 2147; x_wconf 89' lang='lat' dir='ltr'><em>pr.)</em></span> <span class='ocrx_word' id='word_1_130' title='bbox 1140 2065 1317 2144; x_wconf 85' lang='lat' dir='ltr'><em>sententia,</em></span> <span class='ocrx_word' id='word_1_131' title='bbox 1331 2057 1384 2141; x_wconf 88' lang='lat' dir='ltr'><em>qui,</em></span> 
     </span>
     <span class='ocr_line' id='line_1_17' title="bbox 380 2166 1385 2246; baseline -0.006 -13"><span class='ocrx_word' id='word_1_132' title='bbox 380 2191 460 2234; x_wconf 81' lang='lat' dir='ltr'><em>oum</em></span> <span class='ocrx_word' id='word_1_133' title='bbox 472 2170 622 2230; x_wconf 87' lang='lat' dir='ltr'><em>Seruium</em></span> <span class='ocrx_word' id='word_1_134' title='bbox 639 2166 909 2244; x_wconf 79' lang='lat' dir='ltr'><em>amplecteretur,</em></span> <span class='ocrx_word' id='word_1_135' title='bbox 929 2183 962 2226; x_wconf 91' lang='lat' dir='ltr'><em>et</em></span> <span class='ocrx_word' id='word_1_136' title='bbox 974 2171 1119 2230; x_wconf 78' lang='lat' dir='ltr'><em>Antonii</em></span> <span class='ocrx_word' id='word_1_137' title='bbox 1133 2173 1171 2232; x_wconf 83' lang='lat' dir='ltr'><em>in</em></span> <span class='ocrx_word' id='word_1_138' title='bbox 1188 2171 1309 2234; x_wconf 83' lang='lat' dir='ltr'><em>Gallias</em></span> <span class='ocrx_word' id='word_1_139' title='bbox 1323 2182 1385 2246; x_wconf 79' lang='lat' dir='ltr'><em>pro·</em></span> 
     </span>
     <span class='ocr_line' id='line_1_18' title="bbox 371 2272 1386 2364; baseline -0.008 -26"><span class='ocrx_word' id='word_1_140' title='bbox 371 2279 558 2363; x_wconf 75' lang='lat' dir='ltr'><em>sectionem</em></span> <span class='ocrx_word' id='word_1_141' title='bbox 578 2272 725 2356; x_wconf 81' lang='lat' dir='ltr'><em>aliquam</em></span> <span class='ocrx_word' id='word_1_142' title='bbox 741 2273 1018 2355; x_wconf 78' lang='lat' dir='ltr'><em>circumspiceret,</em></span> <span class='ocrx_word' id='word_1_143' title='bbox 1039 2277 1133 2337; x_wconf 88' lang='lat' dir='ltr'><em>illam</em></span> <span class='ocrx_word' id='word_1_144' title='bbox 1155 2280 1303 2356; x_wconf 74' lang='lat' dir='ltr'><em>arripuit,</em></span> <span class='ocrx_word' id='word_1_145' title='bbox 1325 2287 1386 2364; x_wconf 79' lang='lat' dir='ltr'><em>eum</em></span> 
     </span>
     <span class='ocr_line' id='line_1_19' title="bbox 381 2369 1386 2474; baseline -0.002 -32"><span class='ocrx_word' id='word_1_146' title='bbox 381 2381 598 2469; x_wconf 75' lang='lat' dir='ltr'><em>Quaesturam</em></span> <span class='ocrx_word' id='word_1_147' title='bbox 617 2381 742 2438; x_wconf 83' lang='lat' dir='ltr'><em>Romae</em></span> <span class='ocrx_word' id='word_1_148' title='bbox 757 2377 909 2458; x_wconf 72' lang='lat' dir='ltr'><em>petiiffet,</em></span> <span class='ocrx_word' id='word_1_149' title='bbox 932 2396 972 2474; x_wconf 39' lang='lat' dir='ltr'><em>et·</em></span> <span class='ocrx_word' id='word_1_150' title='bbox 984 2381 1064 2444; x_wconf 84' lang='lat' dir='ltr'><em>iude</em></span> <span class='ocrx_word' id='word_1_151' title='bbox 1083 2383 1132 2444; x_wconf 83' lang='lat' dir='ltr'><em>ad</em></span> <span class='ocrx_word' id='word_1_152' title='bbox 1145 2369 1328 2464; x_wconf 76' lang='lat' dir='ltr'><em>Caesarem,&#39;</em></span> <span class='ocrx_word' id='word_1_153' title='bbox 1340 2375 1386 2459; x_wconf 70' lang='lat' dir='ltr'><em>qul</em></span> 
     </span>
     <span class='ocr_line' id='line_1_20' title="bbox 378 2476 1387 2576; baseline -0.007 -28"><span class='ocrx_word' id='word_1_154' title='bbox 378 2491 507 2553; x_wconf 85' lang='lat' dir='ltr'><em>tum-iu</em></span> <span class='ocrx_word' id='word_1_155' title='bbox 531 2485 650 2548; x_wconf 86' lang='lat' dir='ltr'><em>Galliis</em></span> <span class='ocrx_word' id='word_1_156' title='bbox 671 2484 790 2544; x_wconf 87' lang='lat' dir='ltr'><em>bellum</em></span> <span class='ocrx_word' id='word_1_157' title='bbox 807 2487 963 2565; x_wconf 79' lang='lat' dir='ltr'><em>gerebat,</em></span> <span class='ocrx_word' id='word_1_158' title='bbox 1005 2489 1151 2560; x_wconf 84' lang='lat' dir='ltr'><em>rediret,</em></span> <span class='ocrx_word' id='word_1_159' title='bbox 1184 2507 1332 2576; x_wconf 80' lang='lat' dir='ltr'><em>quaeres</em></span> <span class='ocrx_word' id='word_1_160' title='bbox 1349 2476 1387 2541; x_wconf 83' lang='lat' dir='ltr'><em>od</em></span> 
     </span>
     <span class='ocr_line' id='line_1_21' title="bbox 369 2591 1385 2680; baseline -0.004 -22"><span class='ocrx_word' id='word_1_161' title='bbox 369 2615 505 2658; x_wconf 59' lang='lat' dir='ltr'><em>*aunum</em></span> <span class='ocrx_word' id='word_1_162' title='bbox 519 2613 581 2671; x_wconf 84' lang='lat'><em>70²</em></span> <span class='ocrx_word' id='word_1_163' title='bbox 609 2591 766 2673; x_wconf 85' lang='lat' dir='ltr'><em>Pompeio</em></span> <span class='ocrx_word' id='word_1_164' title='bbox 789 2593 857 2671; x_wconf 73' lang='lat' dir='ltr'><em>Coſs</em></span> <span class='ocrx_word' id='word_1_165' title='bbox 868 2592 941 2670; x_wconf 79' lang='lat' dir='ltr'><em>fune</em></span> <span class='ocrx_word' id='word_1_166' title='bbox 961 2597 1095 2678; x_wconf 79' lang='lat' dir='ltr'><em>Collega</em></span> <span class='ocrx_word' id='word_1_167' title='bbox 1115 2595 1289 2680; x_wconf 83' lang='lat' dir='ltr'><em>reserenda</em></span> <span class='ocrx_word' id='word_1_168' title='bbox 1308 2591 1385 2672; x_wconf 76' lang='lat' dir='ltr'><em>effer:</em></span> 
     </span>
     <span class='ocr_line' id='line_1_22' title="bbox 378 2692 1385 2790; baseline -0.002 -25"><span class='ocrx_word' id='word_1_169' title='bbox 378 2700 471 2790; x_wconf 87' lang='lat' dir='ltr'><em>quod</em></span> <span class='ocrx_word' id='word_1_170' title='bbox 495 2700 578 2784; x_wconf 82' lang='lat' dir='ltr'><em>fieri</em></span> <span class='ocrx_word' id='word_1_171' title='bbox 610 2721 679 2759; x_wconf 90' lang='lat' dir='ltr'><em>uon</em></span> <span class='ocrx_word' id='word_1_172' title='bbox 712 2696 838 2782; x_wconf 79' lang='lat' dir='ltr'><em>potest,</em></span> <span class='ocrx_word' id='word_1_173' title='bbox 854 2692 903 2776; x_wconf 78' lang='lat' dir='ltr'><em>fi</em></span> <span class='ocrx_word' id='word_1_174' title='bbox 927 2703 1053 2783; x_wconf 79' lang='lat' dir='ltr'><em>Eologa</em></span> <span class='ocrx_word' id='word_1_175' title='bbox 1081 2705 1166 2766; x_wconf 81' lang='lat' dir='ltr'><em>ltaee</em></span> <span class='ocrx_word' id='word_1_176' title='bbox 1191 2705 1302 2765; x_wconf 84' lang='lat' dir='ltr'><em>ultimo</em></span> <span class='ocrx_word' id='word_1_177' title='bbox 1321 2697 1385 2758; x_wconf 77' lang='lat' dir='ltr'><em>l00⁰</em></span> 
     </span>
     <span class='ocr_line' id='line_1_23' title="bbox 368 2805 1386 2894; baseline -0.004 -22"><span class='ocrx_word' id='word_1_178' title='bbox 368 2813 500 2894; x_wconf 70' lang='lat' dir='ltr'><em>firipta</em></span> <span class='ocrx_word' id='word_1_179' title='bbox 525 2807 586 2888; x_wconf 78' lang='lat' dir='ltr'><em>ejl,</em></span> <span class='ocrx_word' id='word_1_180' title='bbox 631 2821 670 2866; x_wconf 77' lang='lat' dir='ltr'><em>‘ut</em></span> <span class='ocrx_word' id='word_1_181' title='bbox 694 2805 808 2885; x_wconf 72' lang='lat' dir='ltr'><em>uersus</em></span> <span class='ocrx_word' id='word_1_182' title='bbox 831 2810 958 2890; x_wconf 87' lang='lat' dir='ltr'><em>primus</em></span> <span class='ocrx_word' id='word_1_183' title='bbox 977 2809 1136 2872; x_wconf 82' lang='lat' dir='ltr'><em>declarat.</em></span> <span class='ocrx_word' id='word_1_184' title='bbox 1192 2809 1386 2874; x_wconf 72' lang='lat' dir='ltr'><em>Fontauiuuu</em></span> 
     </span>
     <span class='ocr_line' id='line_1_24' title="bbox 376 2903 1388 3003; baseline -0.002 -23"><span class='ocrx_word' id='word_1_185' title='bbox 376 2924 432 2981; x_wconf 80' lang='lat' dir='ltr'><em>vir</em></span> <span class='ocrx_word' id='word_1_186' title='bbox 452 2919 549 2995; x_wconf 79' lang='lat' dir='ltr'><em>longe</em></span> <span class='ocrx_word' id='word_1_187' title='bbox 567 2909 779 2992; x_wconf 82' lang='lat' dir='ltr'><em>doetiffumus,</em></span> <span class='ocrx_word' id='word_1_188' title='bbox 820 2918 857 2974; x_wconf 87' lang='lat' dir='ltr'><em>iu</em></span> <span class='ocrx_word' id='word_1_189' title='bbox 878 2913 959 2993; x_wconf 73' lang='lat' dir='ltr'><em>Hill.</em></span> <span class='ocrx_word' id='word_1_190' title='bbox 980 2919 1043 2979; x_wconf 90' lang='lat' dir='ltr'><em>litt.</em></span> <span class='ocrx_word' id='word_1_191' title='bbox 1065 2919 1212 3003; x_wconf 86' lang='lat' dir='ltr'><em>Aquilei.</em></span> <span class='ocrx_word' id='word_1_192' title='bbox 1241 2903 1273 3000; x_wconf 79' lang='lat' dir='ltr'><em>p.</em></span> <span class='ocrx_word' id='word_1_193' title='bbox 1294 2915 1330 2978; x_wconf 80' lang='lat'><em>28</em></span> <span class='ocrx_word' id='word_1_194' title='bbox 1353 2906 1388 2968; x_wconf 67' lang='lat' dir='ltr'><em>‘l‘</em></span> 
     </span>
     <span class='ocr_line' id='line_1_25' title="bbox 370 3019 1386 3111; baseline 0.003 -31"><span class='ocrx_word' id='word_1_195' title='bbox 370 3027 464 3111; x_wconf 77' lang='lat' dir='ltr'><em>fuga</em></span> <span class='ocrx_word' id='word_1_196' title='bbox 481 3022 626 3086; x_wconf 88' lang='lat' dir='ltr'><em>Antonii</em></span> <span class='ocrx_word' id='word_1_197' title='bbox 645 3019 819 3099; x_wconf 78' lang='lat' dir='ltr'><em>iutelligit,</em></span> <span class='ocrx_word' id='word_1_198' title='bbox 861 3041 936 3080; x_wconf 90' lang='lat' dir='ltr'><em>eum</em></span> <span class='ocrx_word' id='word_1_199' title='bbox 955 3023 1004 3084; x_wconf 89' lang='lat' dir='ltr'><em>ad</em></span> <span class='ocrx_word' id='word_1_200' title='bbox 1020 3027 1187 3087; x_wconf 84' lang='lat' dir='ltr'><em>Mutinam</em></span> <span class='ocrx_word' id='word_1_201' title='bbox 1211 3045 1269 3106; x_wconf 79' lang='lat'><em>7¹¹</em></span> <span class='ocrx_word' id='word_1_202' title='bbox 1290 3021 1386 3083; x_wconf 71' lang='lat' dir='ltr'><em>,vietus</em></span> 
     </span>
     <span class='ocr_line' id='line_1_26' title="bbox 305 3125 1387 3212; baseline -0.006 -19"><span class='ocrx_word' id='word_1_203' title='bbox 305 3171 309 3182; x_wconf 90' lang='lat'><em>-</em></span> <span class='ocrx_word' id='word_1_204' title='bbox 369 3134 415 3194; x_wconf 42' lang='lat' dir='ltr'><em>&#39;in</em></span> <span class='ocrx_word' id='word_1_205' title='bbox 444 3129 589 3191; x_wconf 87' lang='lat' dir='ltr'><em>Galliam</em></span> <span class='ocrx_word' id='word_1_206' title='bbox 611 3128 801 3188; x_wconf 83' lang='lat' dir='ltr'><em>ulteriorem</em></span> <span class='ocrx_word' id='word_1_207' title='bbox 817 3125 860 3205; x_wconf 92' lang='lat' dir='ltr'><em>se</em></span> <span class='ocrx_word' id='word_1_208' title='bbox 886 3131 1066 3212; x_wconf 80' lang='lat' dir='ltr'><em>reciperet,</em></span> <span class='ocrx_word' id='word_1_209' title='bbox 1105 3149 1139 3192; x_wconf 89' lang='lat' dir='ltr'><em>et</em></span> <span class='ocrx_word' id='word_1_210' title='bbox 1157 3135 1204 3194; x_wconf 89' lang='lat' dir='ltr'><em>M.</em></span> <span class='ocrx_word' id='word_1_211' title='bbox 1228 3125 1387 3191; x_wconf 77' lang='lat' dir='ltr'><em>Aemilium</em></span> 
     </span>
     <span class='ocr_line' id='line_1_27' title="bbox 368 3233 1387 3320; baseline -0.001 -24"><span class='ocrx_word' id='word_1_212' title='bbox 368 3235 539 3320; x_wconf 70' lang='lat' dir='ltr'><em>»Lepidum</em></span> <span class='ocrx_word' id='word_1_213' title='bbox 552 3233 618 3310; x_wconf 83' lang='lat' dir='ltr'><em>fibi</em></span> <span class='ocrx_word' id='word_1_214' title='bbox 640 3237 800 3313; x_wconf 77' lang='lat' dir='ltr'><em>iungeret.</em></span> <span class='ocrx_word' id='word_1_215' title='bbox 845 3234 911 3296; x_wconf 87' lang='lat' dir='ltr'><em>Sed</em></span> <span class='ocrx_word' id='word_1_216' title='bbox 929 3237 1056 3298; x_wconf 83' lang='lat' dir='ltr'><em>utalia</em></span> <span class='ocrx_word' id='word_1_217' title='bbox 1073 3259 1115 3298; x_wconf 93' lang='lat' dir='ltr'><em>ue</em></span> <span class='ocrx_word' id='word_1_218' title='bbox 1135 3256 1322 3318; x_wconf 84' lang='lat' dir='ltr'><em>memorem,</em></span> <span class='ocrx_word' id='word_1_219' title='bbox 1342 3247 1387 3288; x_wconf 76' lang='lat' dir='ltr'><em>ut·</em></span> 
     </span>
     <span class='ocr_line' id='line_1_28' title="bbox 365 3337 1388 3430; baseline -0.003 -29"><span class='ocrx_word' id='word_1_220' title='bbox 365 3364 445 3428; x_wconf 78' lang='lat' dir='ltr'><em>que</em></span> <span class='ocrx_word' id='word_1_221' title='bbox 466 3345 535 3402; x_wconf 85' lang='lat' dir='ltr'><em>turlt</em></span> <span class='ocrx_word' id='word_1_222' title='bbox 558 3337 738 3422; x_wconf 80' lang='lat' dir='ltr'><em>quidquam</em></span> <span class='ocrx_word' id='word_1_223' title='bbox 758 3338 807 3400; x_wconf 82' lang='lat' dir='ltr'><em>ad</em></span> <span class='ocrx_word' id='word_1_224' title='bbox 823 3341 970 3402; x_wconf 74' lang='lat' dir='ltr'><em>Illtenum</em></span> <span class='ocrx_word' id='word_1_225' title='bbox 989 3341 1134 3423; x_wconf 76' lang='lat' dir='ltr'><em>gestum,</em></span> <span class='ocrx_word' id='word_1_226' title='bbox 1169 3365 1266 3430; x_wconf 87' lang='lat' dir='ltr'><em>quem</em></span> <span class='ocrx_word' id='word_1_227' title='bbox 1286 3357 1388 3402; x_wconf 79' lang='lat' dir='ltr'><em>memo·</em></span> 
     </span>
     <span class='ocr_line' id='line_1_29' title="bbox 345 3443 1386 3533; baseline 0.001 -24"><span class='ocrx_word' id='word_1_228' title='bbox 345 3459 350 3468; x_wconf 96' lang='grc'><strong><em>’</em></strong></span> <span class='ocrx_word' id='word_1_229' title='bbox 380 3463 436 3509; x_wconf 88' lang='lat' dir='ltr'><em>rat</em></span> <span class='ocrx_word' id='word_1_230' title='bbox 455 3462 558 3530; x_wconf 89' lang='lat' dir='ltr'><em>poeta</em></span> <span class='ocrx_word' id='word_1_231' title='bbox 578 3466 611 3505; x_wconf 86' lang='lat' dir='ltr'><em>u.</em></span> <span class='ocrx_word' id='word_1_232' title='bbox 624 3449 676 3524; x_wconf 82' lang='lat'><em>45.</em></span> <span class='ocrx_word' id='word_1_233' title='bbox 732 3448 911 3509; x_wconf 85' lang='lat' dir='ltr'><em>Enimuero</em></span> <span class='ocrx_word' id='word_1_234' title='bbox 934 3471 1002 3510; x_wconf 88' lang='lat' dir='ltr'><em>nou</em></span> <span class='ocrx_word' id='word_1_235' title='bbox 1023 3449 1083 3526; x_wconf 82' lang='lat' dir='ltr'><em>uifi</em></span> <span class='ocrx_word' id='word_1_236' title='bbox 1101 3472 1191 3513; x_wconf 88' lang='lat' dir='ltr'><em>auno</em></span> <span class='ocrx_word' id='word_1_237' title='bbox 1213 3471 1276 3533; x_wconf 83' lang='lat'><em>717</em></span> <span class='ocrx_word' id='word_1_238' title='bbox 1297 3443 1386 3510; x_wconf 67' lang='lat' dir='ltr'><em>·V·O</em></span> 
     </span>
     <span class='ocr_line' id='line_1_30' title="bbox 365 3551 1387 3641; baseline 0 -23"><span class='ocrx_word' id='word_1_239' title='bbox 365 3559 526 3623; x_wconf 62' lang='lat' dir='ltr'><em>ineunte,</em></span> <span class='ocrx_word' id='word_1_240' title='bbox 547 3552 594 3611; x_wconf 89' lang='grc' dir='ltr'><em>Μ.</em></span> <span class='ocrx_word' id='word_1_241' title='bbox 606 3551 772 3631; x_wconf 77' lang='lat' dir='ltr'><em>Agrippa,</em></span> <span class='ocrx_word' id='word_1_242' title='bbox 792 3555 828 3616; x_wconf 86' lang='lat' dir='ltr'><em>L.</em></span> <span class='ocrx_word' id='word_1_243' title='bbox 843 3556 982 3616; x_wconf 83' lang='lat' dir='ltr'><em>Caninio</em></span> <span class='ocrx_word' id='word_1_244' title='bbox 1000 3555 1098 3618; x_wconf 86' lang='lat' dir='ltr'><em>Gallo</em></span> <span class='ocrx_word' id='word_1_245' title='bbox 1114 3559 1205 3641; x_wconf 75' lang='lat' dir='ltr'><em>Ooffi,</em></span> <span class='ocrx_word' id='word_1_246' title='bbox 1226 3557 1269 3618; x_wconf 82' lang='lat' dir='ltr'><em>ab</em></span> <span class='ocrx_word' id='word_1_247' title='bbox 1282 3553 1387 3633; x_wconf 65' lang='lat' dir='ltr'><em>Agur-</em></span> 
     </span>
     <span class='ocr_line' id='line_1_31' title="bbox 375 3660 1388 3751; baseline 0.002 -31"><span class='ocrx_word' id='word_1_248' title='bbox 375 3683 425 3748; x_wconf 84' lang='lat' dir='ltr'><em>pa</em></span> <span class='ocrx_word' id='word_1_249' title='bbox 447 3660 516 3738; x_wconf 79' lang='lat' dir='ltr'><em>Cos.</em></span> <span class='ocrx_word' id='word_1_250' title='bbox 538 3661 701 3718; x_wconf 81' lang='lat' dir='ltr'><em>exereitus</em></span> <span class='ocrx_word' id='word_1_251' title='bbox 714 3661 883 3751; x_wconf 79' lang='lat' dir='ltr'><em>Romanus</em></span> <span class='ocrx_word' id='word_1_252' title='bbox 904 3665 941 3724; x_wconf 91' lang='lat' dir='ltr'><em>in</em></span> <span class='ocrx_word' id='word_1_253' title='bbox 965 3662 1094 3725; x_wconf 73' lang='lat' dir='ltr'><em>Gellia</em></span> <span class='ocrx_word' id='word_1_254' title='bbox 1117 3663 1236 3725; x_wconf 77' lang='lat' dir='ltr'><em>duetus</em></span> <span class='ocrx_word' id='word_1_255' title='bbox 1256 3663 1388 3726; x_wconf 68' lang='lat' dir='ltr'><em>Maon</em></span> 
     </span>
     <span class='ocr_line' id='line_1_32' title="bbox 366 3766 1388 3852; baseline -0.003 -23"><span class='ocrx_word' id='word_1_256' title='bbox 366 3769 522 3829; x_wconf 60' lang='lat' dir='ltr'><em>tremet</em></span> <span class='ocrx_word' id='word_1_257' title='bbox 547 3785 575 3828; x_wconf 87' lang='lat' dir='ltr'><em>u.</em></span> <span class='ocrx_word' id='word_1_258' title='bbox 596 3766 665 3824; x_wconf 89' lang='lat' dir='ltr'><em>Dio</em></span> <span class='ocrx_word' id='word_1_259' title='bbox 687 3766 841 3837; x_wconf 80' lang='lat' dir='ltr'><em>XLVIII,</em></span> <span class='ocrx_word' id='word_1_260' title='bbox 864 3789 891 3834; x_wconf 87' lang='lat' dir='ltr'><em>e.</em></span> <span class='ocrx_word' id='word_1_261' title='bbox 904 3777 956 3850; x_wconf 76' lang='grc'><strong><em>49.</em></strong></span> <span class='ocrx_word' id='word_1_262' title='bbox 991 3773 1079 3852; x_wconf 89' lang='lat' dir='ltr'><em>eouf.</em></span> <span class='ocrx_word' id='word_1_263' title='bbox 1091 3773 1229 3833; x_wconf 82' lang='lat' dir='ltr'><em>Martia.</em></span> <span class='ocrx_word' id='word_1_264' title='bbox 1252 3767 1300 3831; x_wconf 87' lang='lat' dir='ltr'><em>ad</em></span> <span class='ocrx_word' id='word_1_265' title='bbox 1314 3767 1388 3827; x_wconf 81' lang='lat' dir='ltr'><em>tum</em></span> 
     </span>
     <span class='ocr_line' id='line_1_33' title="bbox 365 3869 1388 3960; baseline 0 -24"><span class='ocrx_word' id='word_1_266' title='bbox 365 3875 492 3952; x_wconf 58' lang='lat' dir='ltr'><em>Beleg.</em></span> <span class='ocrx_word' id='word_1_267' title='bbox 500 3885 536 3932; x_wconf 89' lang='lat' dir='ltr'><em>et</em></span> <span class='ocrx_word' id='word_1_268' title='bbox 543 3869 627 3933; x_wconf 87' lang='lat' dir='ltr'><em>Vita</em></span> <span class='ocrx_word' id='word_1_269' title='bbox 634 3870 728 3950; x_wconf 78' lang='lat' dir='ltr'><em>Virg.</em></span> <span class='ocrx_word' id='word_1_270' title='bbox 740 3871 789 3934; x_wconf 88' lang='grc' dir='ltr'><em>αδ</em></span> <span class='ocrx_word' id='word_1_271' title='bbox 799 3893 831 3933; x_wconf 91' lang='grc' dir='ltr'><em>α.</em></span> <span class='ocrx_word' id='word_1_272' title='bbox 842 3894 923 3955; x_wconf 77' lang='lat'><em>717,-</em></span> <span class='ocrx_word' id='word_1_273' title='bbox 945 3897 1018 3936; x_wconf 86' lang='lat' dir='ltr'><em>eum</em></span> <span class='ocrx_word' id='word_1_274' title='bbox 1032 3899 1097 3960; x_wconf 93' lang='lat' dir='ltr'><em>quo</em></span> <span class='ocrx_word' id='word_1_275' title='bbox 1112 3881 1258 3939; x_wconf 74' lang='lat' dir='ltr'><em>exercitu</em></span> <span class='ocrx_word' id='word_1_276' title='bbox 1270 3873 1388 3959; x_wconf 71' lang='lat' dir='ltr'><em>tycon&#39;s</em></span> 
     </span>
     <span class='ocr_line' id='line_1_34' title="bbox 377 3974 1386 4062; baseline 0.001 -21"><span class='ocrx_word' id='word_1_277' title='bbox 377 3981 516 4041; x_wconf 86' lang='lat' dir='ltr'><em>militem</em></span> <span class='ocrx_word' id='word_1_278' title='bbox 538 3977 682 4061; x_wconf 89' lang='lat' dir='ltr'><em>aliquem</em></span> <span class='ocrx_word' id='word_1_279' title='bbox 693 3979 795 4062; x_wconf 87' lang='lat' dir='ltr'><em>sequi</em></span> <span class='ocrx_word' id='word_1_280' title='bbox 810 3983 939 4061; x_wconf 91' lang='lat' dir='ltr'><em>potuit,</em></span> <span class='ocrx_word' id='word_1_281' title='bbox 967 3982 1045 4044; x_wconf 90' lang='lat' dir='ltr'><em>dum</em></span> <span class='ocrx_word' id='word_1_282' title='bbox 1066 3987 1194 4045; x_wconf 88' lang='lat' dir='ltr'><em>interea</em></span> <span class='ocrx_word' id='word_1_283' title='bbox 1210 3985 1323 4048; x_wconf 66' lang='lat' dir='ltr'><em>Gallus</em></span> <span class='ocrx_word' id='word_1_284' title='bbox 1330 3974 1386 4058; x_wconf 77' lang='lat' dir='ltr'><em>ful</em></span> 
     </span>
     <span class='ocr_line' id='line_1_35' title="bbox 376 4082 1387 4170; baseline -0.006 -20"><span class='ocrx_word' id='word_1_285' title='bbox 376 4083 527 4166; x_wconf 61' lang='lat' dir='ltr'><em>&#39;Augnjlo</em></span> <span class='ocrx_word' id='word_1_286' title='bbox 556 4082 606 4144; x_wconf 89' lang='lat' dir='ltr'><em>ad</em></span> <span class='ocrx_word' id='word_1_287' title='bbox 629 4086 849 4168; x_wconf 84' lang='lat' dir='ltr'><em>Pompeianae</em></span> <span class='ocrx_word' id='word_1_288' title='bbox 875 4089 988 4170; x_wconf 76' lang='lat' dir='ltr'><em>ebrffes</em></span> <span class='ocrx_word' id='word_1_289' title='bbox 1015 4091 1059 4150; x_wconf 85' lang='lat' dir='ltr'><em>ob</em></span> <span class='ocrx_word' id='word_1_290' title='bbox 1091 4093 1211 4154; x_wconf 69' lang='lat' dir='ltr'><em>[taleae</em></span> <span class='ocrx_word' id='word_1_291' title='bbox 1229 4087 1387 4153; x_wconf 78' lang='lat' dir='ltr'><em>littoribus</em></span> 
     </span>
     <span class='ocr_line' id='line_1_36' title="bbox 376 4191 1388 4283; baseline -0.005 -28"><span class='ocrx_word' id='word_1_292' title='bbox 376 4191 596 4255; x_wconf 73' lang='lat' dir='ltr'><em>arcendaein</em></span> <span class='ocrx_word' id='word_1_293' title='bbox 618 4196 723 4252; x_wconf 82' lang='lat' dir='ltr'><em>armis</em></span> <span class='ocrx_word' id='word_1_294' title='bbox 742 4193 836 4275; x_wconf 81' lang='lat' dir='ltr'><em>effet,</em></span> <span class='ocrx_word' id='word_1_295' title='bbox 871 4211 933 4256; x_wconf 90' lang='lat' dir='ltr'><em>aut</em></span> <span class='ocrx_word' id='word_1_296' title='bbox 954 4198 990 4256; x_wconf 87' lang='lat' dir='ltr'><em>iu</em></span> <span class='ocrx_word' id='word_1_297' title='bbox 1010 4199 1081 4259; x_wconf 90' lang='lat' dir='ltr'><em>alia</em></span> <span class='ocrx_word' id='word_1_298' title='bbox 1102 4199 1306 4283; x_wconf 69' lang='lat' dir='ltr'><em>expeditione</em></span> <span class='ocrx_word' id='word_1_299' title='bbox 1327 4213 1388 4254; x_wconf 85' lang='lat' dir='ltr'><em>ver·</em></span> 
     </span>
     <span class='ocr_line' id='line_1_37' title="bbox 314 4299 1388 4390; baseline 0.005 -28"><span class='ocrx_word' id='word_1_300' title='bbox 314 4343 319 4354; x_wconf 73' lang='grc'><strong><em>.</em></strong></span> <span class='ocrx_word' id='word_1_301' title='bbox 355 4303 516 4381; x_wconf 72' lang='lat' dir='ltr'><em>:feretum</em></span> <span class='ocrx_word' id='word_1_302' title='bbox 557 4303 613 4363; x_wconf 86' lang='lat' dir='ltr'><em>ua</em></span> <span class='ocrx_word' id='word_1_303' title='bbox 634 4299 790 4382; x_wconf 72' lang='lat' dir='ltr'><em>expedita</em></span> <span class='ocrx_word' id='word_1_304' title='bbox 809 4301 854 4385; x_wconf 70' lang='lat' dir='ltr'><em>etl</em></span> <span class='ocrx_word' id='word_1_305' title='bbox 866 4302 1039 4383; x_wconf 80' lang='lat' dir='ltr'><em>sententia</em></span> <span class='ocrx_word' id='word_1_306' title='bbox 1059 4309 1232 4390; x_wconf 62' lang='lat' dir='ltr'><em>ueffuum:</em></span> <span class='ocrx_word' id='word_1_307' title='bbox 1265 4307 1313 4368; x_wconf 82' lang='lat' dir='ltr'><em>Tu</em></span> <span class='ocrx_word' id='word_1_308' title='bbox 1326 4319 1388 4384; x_wconf 78' lang='lat' dir='ltr'><em>pro·</em></span> 
     </span>
    </p>
   </div>
   <div class='ocr_carea' id='block_1_4' title="bbox 0 0 1488 5067">
    <p class='ocr_par' dir='ltr' id='par_1_4' title="bbox 0 0 1488 5067">
     <span class='ocr_line' id='line_1_38' title="bbox 0 0 1488 5067; baseline 0 0"><span class='ocrx_word' id='word_1_309' title='bbox 0 0 1488 5067; x_wconf 95' lang='lat' dir='ltr'><em> </em></span> 
     </span>
    </p>
   </div>
  </div>
 </body>
</html>
