2942 5067
232 313 1036 425 oeouotcoutta.1v,559-5ao
1112 329 1188 430 767
1232 341 1237 349 ·

158 525 353 604 Carmina
378 523 448 621 qui
477 515 563 616 lust
579 511 810 618 pastorum,
874 511 1093 616 audaxque
1131 515 1190 586 'iu-¹

772 653 908 716 uentu,
1113 635 1188 710 565

135 747 315 879 Tityre,
335 771 381 847 'te
394 771 566 874 patulae
590 773 715 843 cecini
730 769 811 870 sub
834 775 1007 874 tegmine
1025 769 1137 873 sagi.

225 952 262 1014 P.
281 942 507 1008 VIRGILII
534 941 766 1004 MARONIS
798 937 1106 1007 GEORGIGO'N

283 1045 433 1111 LIBER
465 1043 705 1129 QVARTVS
736 1041 1055 1108 EXPLICITVS.

230 1213 283 1276 565
309 1228 364 1290 quo
389 1215 459 1269 Ven.
477 1211 595 1266 Parthas.
642 1219 717 1285 quoe
735 1211 843 1265 Comm.
862 1211 962 1285 Ctuqu.
986 1213 1080 1267 Horat.
1099 1211 1189 1268 Corm.

150 1306 174 1366 1,
189 1305 232 1367 32,
263 1301 309 1358 sed
326 1301 361 1356 td
373 1301 453 1362 lv,e
481 1297 630 1371 quibebet.
705 1299 758 1354 566
774 1314 804 1351 tu
823 1299 913 1352 stane.
938 1299 1046 1370 Meneg.
1089 1303 1193 1354 recinis

150 1389 252 1445 Medic.
268 1405 295 1444 et
308 1387 352 1442 elii
366 1385 438 1458 apud
448 1385 572 1439 Pieriam.
618 1391 710 1438 cecini
726 1386 846 1455 patulae
856 1385 914 1456 sub
934 1384 1052 1438 Perrhtst
1072 1401 1098 1439 et
1111 1387 1190 1447 Ven..

152 1463 217 1529 item
235 1475 373 1528 Romrnut
395 1487 422 1526 et
442 1470 485 1524 elii
504 1469 626 1525 Pierirni.
665 1469 790 1523 Ceterum
810 1471 843 1524 de
864 1486 978 1544 quatuor
998 1469 1192 1544 postremorum
1211 1501 1214 1508 ι

151 1559 286 1621 versuum,
307 1575 468 1632 quemquam
488 1555 526 1609 illi
540 1575 595 1609 aon
609 1553 769 1626 ineleganter
782 1555 855 1618 litut,
889 1559 994 1611 ueritate
1008 1557 1093 1612 multo
1107 1559 1192 1630 magle

151 1635 196 1700 me
216 1645 335 1699 dnbitrre
350 1655 407 1697 non
427 1637 560 1706 diffiteor3
594 1639 710 1694 sollenne
731 1641 801 1694 enim
821 1641 963 1714 aliquando
982 1639 1047 1706 suit,
1082 1643 1192 1698 laciniae

150 1731 307 1787 huiuamodi
324 1730 411 1804 poetie
433 1743 563 1791 attexere,
603 1741 630 1780 et
650 1728 677 1781 in
693 1726 835 1800 Virgilium
853 1727 1007 1782 huiuamodi
1032 1727 1142 1785 disticha
1165 1745 1193 1786 et

151 1817 329 1882 tenelliehr'
322 1835 351 1870 ιιι
373 1814 515 1869 Catalectie
540 1813 668 1867 inuenit.
724 1812 779 1867 Sed
808 1813 871 1868 huic
894 1813 963 1868 sorte
987 1813 1125 1890 suspicioni
1151 1815 1193 1872 vel

151 1920 292 1978 propterea
310 1899 557 1954 aduersabuntur
535 1900 581 1954 vrri
599 1899 688 1961 docti,
716 1899 789 1972 quod
803 1899 957 1954 Hrrduinur
972 1901 1080 1954 eoadem
1098 1901 1192 1967 versut,

128 2003 314 2062 'quamquem
326 2006 384 2040 non
399 1986 494 2040 iisdem
515 1985 549 2039 de
562 1983 672 2048 cauffo
698 1985 796 2040 reiecit.
845 1981 927 2042 Nunc
947 1983 1075 2041 Iacobum
1094 1989 1193 2060 Bryant

151 2076 229 2129 video
249 2091 275 2128 et
292 2073 378 2147 ipsum
396 2071 448 2125 hor
462 2071 546 2126 versut
561 2073 669 2126 Maroni
688 2071 847 2126 abiudicere.
882 2073 983 2128 Verum
1003 2072 1065 2128 lieet
1086 2075 1194 2130 cuilibet

151 2160 280 2216 iudicium
302 2159 375 2213 suum
396 2157 484 2231 sequi3
516 2177 603 2232 neque
620 2157 713 2212 irascar
733 2157 857 2231 equidem
878 2156 954 2212 aliter
975 2154 1114 2223 statuenti,
1146 2159 1194 2235 qui

152 2245 252 2304 reulsrr
271 2243 396 2300 irascendi
414 2243 558 2298 habuissem
579 2244 735 2310 sexcenties,
772 2263 849 2307 cum,
876 2259 903 2297 vt
925 2243 1016 2298 officio
1036 2247 1194 2320 interpretir,

150 2331 210 2386 suar
224 2332 502 2404 operterettaettntia,
525 2331 712 2394 satisfacerem,
746 2329 847 2392 vomi,
870 2330 917 2384 viri
938 2329 1087 2394 doctiinnti,
1114 2348 1194 2387 notre

152 2418 313 2472 euoluetem.
358 2417 425 2470 Eum
441 2416 548 2489 quidem
568 2415 703 2469 censuram
716 2416 745 2468 in
764 2435 836 2469 mere
855 2416 1006 2470 notationes
1028 2435 1103 2489 agere
1123 2437 1194 2473 acer·

151 2503 270 2567 billime,
297 2522 355 2556 nott
373 2517 428 2556 erat
448 2501 520 2574 quod
541 2503 654 2572 grauiter
668 2500 779 2563 ferrem
821 2501 1028 2554 condonandum
1048 2503 1119 2556 enim
1139 2504 1194 2558 boc

151 2589 259 2660 ingenio
274 2589 320 2642 viri
333 2603 374 2642 tot
381 2587 438 2640 aliie
449 2586 571 2639 leudibus
584 2588 652 2641 inter
664 2585 805 2684 popularet
820 2583 923 2639 nolltor
937 2587 1030 2640 merito
1045 2587 1100 2654 suo,
1113 2591 1195 2646 etiem

152 2694 186 2730 ex
204 2673 265 2747 iplie
287 2673 425 2745 Georgicir
438 2671 603 2747 praeclare'
596 2691 625 2725 ιιι
643 2672 757 2743 patrium
780 2669 927 2724 sermonem
946 2671 1022 2726 versit
1042 2673 1192 2747 conspicui3

152 2759 229 2814 dolui
250 2775 340 2815 temen
359 2761 442 2814 vicem
458 2759 506 2812 viri
529 2776 715 2832 usquequaque
735 2773 762 2813 et
782 2758 811 2810 in
831 2757 908 2810 rebus
928 2756 1082 2812 tenuilstmir
1102 2780 1196 2816 excan-

153 2845 280 2900 descentia
302 2861 330 2901 et
346 2845 400 2899 bile
423 2862 498 2899 mota
517 2843 723 2900 efferuescentie·
778 2845 864 2906 Hem,
891 2819 970 2916 apud
982 2863 1025 2896 me
1044 2847 1195 2918 cogitabam

152 2950 215 2984 cum
234 2932 567 2996 ChremeteTerentiano,
597 2950 636 2984 un
654 2937 787 3002 culquam
813 2927 853 3001 qli
870 2929 936 3001 usus
957 2927 1081 2995 stamini,
1104 2932 1143 3003 se
1163 2950 1197 2990 vt

154 3015 288 3071 cruciet?
312 3017 417 3089 quaeso
444 3017 561 3070 tandem
585 3017 795 3088 aliquantulum
823 3015 877 3070 tibi
898 3017 1005 3086 parte!
1052 3018 1194 3092 Equidem,

151 3121 215 3158 eum
234 3104 373 3157 innumere
390 3103 435 3158 ille
453 3103 621 3164 cauillando,
649 3100 831 3156 subsannando
850 3117 896 3155 tut
914 3103 1092 3158 eonuiciando
1109 3125 1197 3180 repre-

151 3188 267 3250 hendet,
290 3209 358 3263 quae
378 3209 459 3244 nemo
463 3179 555 3243 'sarilo
573 3186 664 3264 paullo
682 3187 871 3256 intelligentior
886 3187 1033 3261 improbet,
1055 3189 1115 3245 alie
1129 3193 1197 3249 mibi

152 3277 267 3349 imputet
285 3293 303 3327 r
320 3275 407 3330 sensu
412 3295 473 3330 meo
494 3275 593 3338 aliene,
618 3273 702 3337 mibi,
727 3291 790 3328 cunt
809 3272 877 3326 nihil
899 3274 1037 3328 admittam
1054 3275 1104 3333 nili
1123 3279 1198 3354 quod

152 3449 304 3511 Romanis
327 3469 421 3510 omne
448 3453 530 3512 vitae
556 3469 654 3533 genua
695 3461 786 3508 rente
803 3447 886 3511 conl.
900 3449 1095 3514 Wernsdors.
1109 3454 1149 3517 V.
1160 3457 1198 3518 G.

153 3573 173 3612 ιι
197 3555 276 3634 reip.
313 3557 447 3636 negotiis
482 3549 654 3615 domesticis
696 3551 833 3612 inPoet.
849 3555 923 3612 min.
938 3553 975 3616 T.
985 3551 1041 3630 Ν,
1056 3557 1197 3637 Exc.1X,

153 3653 336 3738 bellicisque
350 3654 504 3730 alienum,
526 3658 655 3736 proprie
696 3676 729 3735 p.
744 3657 818 3735 395.
860 3656 933 3718 565.
954 3655 1199 3722 audaxiuuen·
1279 3687 1283 3694 ⁴

154 3773 260 3819 tamen
275 3756 507 3841 quodammodo
530 3757 570 3818 de
584 3757 656 3817 Mn·
697 3770 754 3826 ta,
796 3762 850 3840 qui
890 3763 1022 3823 omnino
1062 3769 1199 3828 carmina

153 3857 254 3921 sarum
276 3863 365 3932 otiie;
409 3859 575 3940 ignobile,
607 3881 657 3922 re·
697 3859 824 3944 vulgare
841 3861 988 3940 auderet,
1011 3885 1078 3926 rem
1095 3872 1199 3949 poeti-

153 3961 260 4045 lpectu
277 3963 394 4047 gloriae
409 3962 540 4026 bellicae
554 3980 586 4024 et
602 3984 656 4048 ge·
699 3984 765 4023 cem
785 3966 1021 4050 aggrederetur:
1061 3985 1112 4045 vt,
1136 3991 1198 4032 au-

154 4061 270 4127 sterum
313 4087 499 4150 magnarum
540 4087 656 4129 rernm.
699 4063 838 4127 dacibus
856 4068 970 4128 adnue
991 4075 1117 4158 coeptis
1138 4077 1198 4138 Ge.

156 4169 209 4228 Sic
229 4167 288 4228 Ge.
307 4167 349 4244 Il,
374 4173 439 4250 486
485 4172 657 4250 ingloriae.
696 4169 724 4244 1,
745 4177 806 4248 qo,
846 4191 914 4233 non
938 4173 1024 4256 quod
1055 4182 1198 4240 carminis

155 4271 208 4334 De
234 4270 372 4356 Neapoli
402 4269 571 4337 studiorum
600 4296 657 4361 pa·
699 4293 797 4360 genus
820 4273 882 4338 tale
904 4270 995 4350 esset,
1026 4278 1113 4362 qoud
1134 4301 1198 4342 ma.
