2942 5067
315 401 393 476 an
423 397 773 475 &nonomen
803 397 952 470 tuat
1071 397 1147 480 405
1200 365 1207 384 ’

334 583 921 672 ΕΧΟνΒενειν
1018 567 1022 574 ’
1153 577 1157 580 ·

161 739 237 815 Ad
269 739 402 811 Iocum
434 739 485 809 de
510 731 773 838 prognosticis
799 732 972 831 serenae
1004 749 1100 806 tern-

403 858 563 957 qutotis
596 887 646 932 eoo
668 857 855 960 pluuiali.

197 1011 316 1094 Georg.
336 1009 451 1090 1,393.
493 1009 562 1070 Neo
580 1011 688 1066 minus
713 1028 756 1068 ex
775 1006 874 1066 imbri
889 1008 982 1085 soles
1001 1025 1036 1070 ot
1053 1031 1148 1094 oper-

112 1133 151 1178 ta
176 1117 304 1195 sereno
336 1117 544 1198 Prospicere,
600 1129 633 1174 et
665 1116 763 1174 certis
793 1117 922 1196 potoris
954 1119 1149 1196 cognoscere

102 1222 221 1302 signis.
270 1225 358 1284 Nom
383 1243 490 1306 neque
520 1221 711 1300 tnm'stellie
738 1224 827 1281 ocios
854 1222 970 1304 obtuso
995 1223 1147 1296 videtum

107 1332 183 1393 Neo
198 1330 325 1411 fratris
347 1327 452 1388 radiis
474 1328 621 1389 obnoxia
629 1329 774 1408 fingere
792 1330 890 1388 Luna
895 1351 909 1398 ,-
942 1331 1067 1390 Τεκνία
1084 1353 1148 1404 neo

110 1437 215 1496 ionae
231 1457 294 1516 per
314 1436 440 1496 coelunt
461 1435 587 1494 vellera
605 1435 716 1514 ferri:
759 1435 836 1497 Non
854 1434 1000 1517 tepidum
1022 1437 1072 1497 od
1085 1439 1147 1516 so.

110 1545 179 1605 lem
194 1563 325 1626 pennas
351 1545 388 1602 in
419 1543 532 1602 littore
556 1540 711 1622 pandunt
735 1541 905 1602 rDt'Iectoe
936 1543 1067 1607 Thetidi
1079 1548 1146 1606 ,αι

113 1670 253 1733 cyones:
290 1669 358 1709 non
381 1669 439 1709 oro
454 1647 586 1726 solutos
603 1647 770 1708 Immundt'
789 1651 965 1708 meminere
978 1649 1060 1726 suos
1077 1657 1150 1714 ioc-⁷

110 1772 187 1816 tare
213 1757 398 1838 maniplos:
439 1753 491 1816 At
526 1753 667 1813 nebulae
682 1803 685 1810 .
701 1757 808 1833 magis
840 1759 910 1814 imo
936 1771 1058 1836 pectant
1084 1736 1150 1823 eie„

108 1859 201 1925 Haefi
229 1867 264 1924 in
291 1860 340 1924 his
358 1861 596 1942 interpretandis
617 1875 648 1922 et
667 1881 718 1922 me
741 1865 777 1921 in
800 1865 838 1924 iit
862 1859 990 1924 haerere
1007 1867 1147 1948 ingean

108 1969 174 2032 sum
195 1966 356 2052 proieffue.
406 1967 552 2050 Spectato¹
571 1971 655 2030 enim
680 1968 720 2027 ad
744 1967 822 2028 boni
839 1972 1016 2050 interpretis
1037 1985 1069 2032 et
1088 1979 1147 2034 cri-

108 2081 162 2138 tici
191 2071 311 2150 officia,
341 2075 469 2149 censeo,
497 2093 533 2135 ea
553 2075 638 2148 loca,
673 2095 753 2157 qnae
781 2093 849 2135 non
876 2075 943 2136 fatis
970 2074 1146 2162 effequinn,

107 2203 176 2246 non
203 2187 319 2244 intecta
344 2183 538 2264 relinquere,
581 2179 707 2264 aliisque
732 2181 873 2243 frondem
899 2181 1019 2260 facere,
1060 2187 1146 2271 qnaii
1273 2231 1279 2242 .

107 2289 209 2354 sensns
231 2309 289 2372 per
308 2288 339 2350 se
360 2285 397 2348 stt
417 2287 484 2349 satis
511 2302 644 2370 apertus,
681 2285 732 2348 sed
760 2288 910 2350 lectorem
942 2291 981 2352 de
1009 2297 1046 2354 iis
1074 2297 1144 2356 diti.-

109 2400 363 2482 gentinoetinm,
399 2413 492 2476 quom
510 2395 561 2454 ·de
583 2394 664 2467 aliie,
700 2415 840 2456 monete.
876 2395 1050 2480 ⁴Irtspectit
1077 2404 1144 2466 aliie

107 2502 339 2585 interpretibus,
357 2521 427 2562 -nec
449 2501 531 2562 aliud
553 2501 638 2584 quid,
667 2521 760 2583 quem
781 2502 867 2584 qnod
886 2502 949 2584 ipse
970 2520 1142 2586 tenueram,

109 2607 225 2682 afferri,
256 2605 449 2670 difficultates
470 2623 574 2668 autem
596 2610 858 2688 interpretationis
878 2595 1054 2678 multane
1075 2614 1144 2676 sen.

107 2713 172 2778 fiffe
192 2715 319 2798 quidem
340 2716 412 2776 vidi.
436 2759 438 2764 ,
465 2713 605 2775 Senserat
626 2735 695 2774 eam
720 2714 802 2773 forte
815 2718 853 2774 »ie
881 2718 937 2797 qni
964 2718 1048 2798 apud
1069 2700 1145 2783 Gen

108 2823 183 2884 lium
205 2821 266 2882 VII
273 2863 284 2896 ,
306 2841 343 2902 ¹7
377 2821 417 2883 de
434 2825 564 2882 notione
584 2823 667 2882 vocis
689 2818 851 2880 obnoxius
869 2817 900 2880 h.
920 2821 942 2881 l.
963 2825 1143 2906 quaerebat.

106 2929 229 2999 Scilicet
255 2927 398 3002 sumitur,
447 2928 534 3011 quod
560 2931 661 3008 primo
688 2924 788 2988 statim
816 2926 962 3008 adspectu
993 2937 1144 2996 occurrit:

108 3037 181 3098 inde
208 3054 227 3095 a
257 3037 320 3116 395
356 3033 513 3118 praesagia
547 3031 714 3096 serenitatis
739 3037 914 3093 memorari.
973 3036 1068 3120 Atqui
1093 3059 1142 3125 ea,

109 3157 189 3228 qnne
210 3139 448 3216 memorantur,'·
463 3159 530 3202 non
551 3143 745 3200 conueniunt
770 3138 844 3200 hnic
868 3138 1011 3216 confifio,
1045 3149 1142 3209 immo

109 3270 182 3339 vero
209 3263 396 3331 repugnant.
459 3245 568 3309 Senius
599 3250 682 3306 enim
708 3241 761 3305 vff.
786 3249 975 3326 595-400
1001 3247 1052 3310 hic
1080 3249 1142 3319 ess'e

107 3353 302 3437 perhibetur:
345 3351 497 3416 stellarum
534 3367 566 3412 et
600 3351 708 3412 lunae·
727 3353 808 3414 clara
835 3375 871 3414 ac
898 3376 976 3435 pura
1000 3357 1054 3418 lux
1081 3357 1141 3426 eiit

108 3461 200 3546 (quae
222 3477 328 3522 tamen
354 3459 503 3522 sententia
530 3463 727 3542 grammatice
747 3479 785 3520 ex
806 3459 905 3526 verbis
930 3467 997 3521 erui
1021 3471 1142 3549 nequit,

107 3583 143 3630 vt
169 3565 266 3630 statim
295 3565 486 3646 videbimus)
530 3587 598 3626 non
630 3565 805 3626 nubeculae
833 3566 912 3627 lenit
944 3565 1054 3631 fimilee
1084 3593 1143 3653 pop

108 3675 228 3736 coelum
249 3675 389 3736 teruntur
416 3674 514 3755 (atqui
533 3665 592 3733 bae
614 3669 715 3733 edeffe
736 3672 897 3747 deberent,
919 3679 1045 3756 quippo⁸
1061 3698 1143 3760 quae
1250 3729 1255 3736 .

108 3779 180 3842 sunt
196 3779 294 3842 sereni
313 3780 390 3841 caeli
408 3781 522 3858 nuntii)
552 3799 620 3838 non
640 3778 785 3862 alcyones
812 3780 874 3840 alae
903 3781 942 3868 ati
969 3781 1066 3844 sotem
1091 3805 1144 3855 en-

108 3885 250 3967 pendunt
272 3891 384 3971 (atqui,
415 3884 438 3946 fi
460 3883 521 3946 hoc
541 3889 622 3945 inter
641 3884 797 3968 praesagia
817 3885 984 3948 serenitatis
1005 3885 1057 3960 est,
1081 3891 1143 3960 elan

110 3991 267 4055 debebant
284 3993 471 4079 expandere,
502 4012 572 4053 cum
593 3991 670 4064 cneii
692 3989 834 4053 serenitas
855 3991 957 4072 instet)
987 4015 1055 4052 non
1075 3995 1142 4067 ineo

108 4101 225 4160 iactam
248 4100 371 4184 frugum
388 4099 573 4181 manipulos
616 4099 675 4176 (an
702 4119 778 4164 vero
805 4120 864 4180 per
890 4119 985 4160 omne
1020 4115 1142 4181 tempus

100 4203 250 4286 :pluuium
274 4207 307 4268 id
335 4207 454 4268 faciunt
476 4205 558 4278 sues,
590 4223 650 4276 nec
676 4202 732 4264 niti
759 4205 867 4266 sereno
897 4207 984 4267 caelo
1012 4205 1074 4266 hoc
1099 4209 1145 4271 itt·

110 4301 377 4396 oexe'omittunto
419 4313 507 4376 Haec
527 4325 589 4374 tam
610 4331 721 4394 parum
741 4317 825 4384 inter
840 4313 871 4376 se
888 4317 1092 4388 conueniunt,
1113 4329 1146 4376 vt
