2942 5067
381 381 433 480 ¹aa
561 491 566 498 .
596 375 1208 496 1³..v1aotu11utuaouts

387 570 577 671 Amphion
596 576 781 649 Dircaeus
808 577 851 647 in
869 574 1012 648 Actaeo
1031 573 1258 668 Aracyntho.

452 743 487 803 ²4
504 734 631 790 Scribitur
649 736 857 799 Amenanus,
897 735 1153 798 Aractratmem
1197 737 1261 790 item
1285 735 1408 796 Arctheo.

286 877 293 886 ,
386 819 459 892 lapsu
479 822 560 875 vasio.
602 823 669 875 Item
686 826 817 876 Diroeus.
859 823 894 876 At
911 821 949 876 est
970 823 1100 890 Διρκαῖος.
1146 820 1252 873 Pindar.
1271 820 1300 873 P.
1319 838 1344 892 9,
1367 821 1408 876 153

385 908 510 977 dependes
537 906 644 963 ὑδάτων.
688 905 775 960 Totus
804 904 888 959 versus
915 925 946 960 ex
966 907 1068 960 Graeco
1092 903 1176 959 iactus
1202 904 1253 959 est:
1304 905 1411 974 ’Δμφίυν

342 1040 348 1050 .
386 994 508 1062 Aspasiae
536 999 561 1048 ἐν
587 992 701 1064 'Aurae'p
727 992 893 1064 ’Apuauviffi
936 1006 963 1047 vt
987 991 1055 1044 adeo
1075 989 1243 1075 manifestum
1262 988 1296 1046 fit
1313 1007 1409 1064 poetam

386 1077 518 1132 Graecum
539 1074 589 1130 ass'a
611 1075 764 1148 expreffum.
1010 1095 1013 1099 ·

387 1203 494 1282 primis
508 1197 543 1257 fit
558 1197 687 1280 vesperi,
706 1213 741 1258 vt
757 1197 885 1258 domum
924 1195 976 1278 pla
996 1217 1026 1258 v.
1049 1215 1097 1279 ap.
1111 1195 1213 1257 Bentl.
1235 1196 1275 1257 ad
1286 1193 1410 1257 Horati

387 1300 491 1384 pastor
512 1321 637 1384 gregem
658 1299 793 1361 redueat.
822 1299 884 1360 vid.
926 1300 1022 1359 Senn.
1040 1299 1070 1372 3,
1087 1318 1115 1379 7.
1141 1298 1182 1358 Et
1194 1297 1276 1359 forte
1292 1299 1330 1358 ad
1343 1316 1410 1358 eun·

387 1404 511 1466 suauem
544 1404 649 1464 locum
677 1403 825 1484 Apollon.
854 1402 885 1476 1,
926 1400 998 1462 dem
1018 1400 1148 1462 modum
1160 1399 1302 1462 trahendi
1320 1399 1409 1461 verim

389 1508 452 1584 575
481 1503 523 1586 sq.
554 1520 587 1564 et
615 1503 706 1564 Cerd.
770 1512 820 1582 24.
849 1507 887 1562 in
925 1503 1031 1564 Bionis
1047 1503 1134 1586 Idyll.
1149 1502 1211 1576 111,
1233 1503 1286 1572 (al.
1301 1503 1364 1578 VI.)
1384 1523 1410 1581 7.

359 1607 363 1616 '
389 1605 519 1667 Actaeo
542 1605 751 1686 Aracyntho.
787 1605 885 1665 Huius
926 1603 981 1688 sq„
1001 1621 1034 1665 ut
1051 1619 1231 1687 argumenta
1255 1610 1411 1666 carminum

389 1712 526 1771 nominis
563 1707 678 1770 nobilis
712 1729 802 1769 mons
844 1703 887 1769 est
927 1705 1002 1781 tint,
1040 1728 1121 1790 quae
1154 1703 1251 1788 pheta
1278 1709 1411 1766 Amorem

389 1808 666 1876 Acarnaniee'fiue
679 1797 835 1880 Aetoliam
856 1831 885 1870 v.
928 1809 1095 1870 edocuerit.
1129 1809 1249 1870 Verum
1263 1807 1327 1870 sotis
1347 1823 1412 1868 con'-

389 1915 440 1977 vel
453 1913 552 1974 Strab.
567 1916 610 1989 X,
624 1938 657 1996 p.
670 1912 733 1994 692
750 1915 792 1984 A;
813 1932 886 1972 nam
928 1925 1009 1970 torta
1024 1907 1070 1996 est¹
1087 1916 1187 1974 omnis
1205 1913 1260 1972 illa
1281 1912 1411 1972 Palmarii

390 2015 466 2077 fines·
494 2015 604 2076 harum
628 2019 791 2099 regionum
819 2035 887 2076 mo-
928 2015 1025 2086 ratio,
1066 2028 1098 2074 et
1132 2029 1198 2076 tota
1228 2013 1410 2096 Amphionis,

361 2125 368 2136 '
391 2118 434 2178 do
450 2115 603 2200 augrutiinr
617 2117 712 2178 modo
728 2117 818 2178 latius
832 2101 888 2198 pa-
930 2119 983 2198 qui
997 2116 1082 2200 lyrae
1103 2131 1195 2176 cantu
1207 2115 1331 2178 Thebas
1346 2135 1411 2176 con·

389 2233 535 2288 'tuoruum
554 2236 623 2277 non
635 2218 731 2300 longe
753 2217 791 2279 ab
812 2217 887 2280 vrbe
929 2215 1008 2276 didit
1028 2217 1157 2296 (Horat.
1171 2219 1236 2296 Ast.
1254 2221 1348 2301 594),
1372 2217 1411 2276 io-

389 2323 556 2382 Pleurone.
591 2319 641 2380 Ad
654 2317 738 2380 hunc
751 2321 888 2382 referen-
928 2317 1003 2378 bula
1025 2320 1064 2380 ad
1084 2320 1248 2382 Boeotiam
1269 2325 1410 2404 peninet3

391 2421 431 2484 da
454 2421 530 2484 haec
551 2417 611 2481 effe
634 2421 795 2482 contendit
818 2423 888 2484 Pal·
929 2417 1413 2506 etiemhicAmpleionDircaeus

389 2527 503 2586 marius
531 2523 641 2583 Graec.
669 2539 732 2586 ant.
755 2525 810 2600 lv,
837 2547 886 2600 ro,
928 2522 1049 2584 aionte
1062 2525 1220 2588 Boeotiae.
1254 2527 1333 2585 Tum
1346 2541 1411 2584 vero

364 2632 368 2640 “
390 2628 545 2707 docetque
561 2647 633 2687 eum
648 2641 779 2688 tractum
793 2624 887 2712 ἀκτήν
926 2643 987 2685 nec
1007 2623 1110 2686 deficit
1121 2627 1292 2712 Aracynthi
1309 2630 1411 2687 montis

388 2731 450 2790 dici
478 2728 562 2810 apud
589 2729 777 2804 Homerum,
813 2734 886 2813 quia
926 2745 1044 2788 nomen
1058 2745 1090 2789 et
1104 2737 1255 2792 memoria
1275 2732 1412 2792 inB0eo·

364 2831 510 2893 ithacae
532 2846 565 2891 et
589 2831 812 2914 ,cephalleniae
838 2836 886 2893 in-
926 2833 985 2889 tia:
1013 2833 1093 2892 Nam
1113 2853 1181 2894 non
1200 2835 1299 2896 modo
1313 2830 1409 2914 Steph.

386 2933 457 3016 iulis
479 2955 517 2994 ex
539 2933 666 2995 aduerso
692 2931 763 2996 [itus
789 2931 885 2996 estin
925 2931 996 3016 Byu.
1030 2927 1226 3018 ’Apdwvtoe
1255 2928 1320 3022 ’ὅρος
1336 2939 1412 3002 Boau-

388 3039 578 3097 continente.
607 3036 766 3118 Amphion
781 3052 885 3100 tamen
925 3033 1001 3108 aute,
1022 3031 1078 3116 ἀφ’
1096 3019 1132 3102 οἷ
1144 3035 1266 3122 Ἀθηνᾶ
1277 3037 1410 3125 'Apauor-

385 3143 420 3198 in
435 3141 609 3198 Acarnania
627 3136 714 3200 misse
730 3159 883 3224 nusquam
925 3134 1000 3213 dle,
1029 3154 1060 3200 et
1079 3137 1188 3200 Vibius
1205 3139 1366 3225 Sequester
1381 3137 1411 3199 id

383 3241 507 3323 legitur.
547 3240 689 3299 Occurrit
705 3257 737 3301 et
751 3239 823 3302 huic
837 3247 883 3304 rei
925 3236 1067 3315 afferunt,
1084 3242 1153 3305 add.
1167 3245 1271 3306 Lutat.
1285 3245 1324 3304 ad
1332 3243 1411 3304 Statii

324 3338 329 3355 ¹
382 3345 437 3413 ita,
465 3354 498 3399 vt
520 3343 631 3421 partim
652 3359 798 3404 noanon
817 3365 883 3405 om·
923 3339 1024 3403 Theb.
1043 3344 1083 3419 11,
1100 3349 1172 3427 239,
1197 3361 1230 3408 et
1244 3349 1327 3408 Sext.
1347 3346 1411 3406 adu.

380 3445 436 3504 nia
458 3439 571 3502 dehac
588 3440 694 3524 fabula
710 3461 881 3506 memorata
923 3443 1093 3508 Grammat.
1107 3448 1133 3523 1,
1154 3470 1203 3526 12,
1219 3471 1252 3531 p.
1269 3471 1347 3532 a7o;
1364 3467 1411 3507 ve·

363 3559 489 3604 tenere
513 3543 610 3618 dicat,
650 3549 768 3625 partun
785 3547 880 3611 verba
920 3565 989 3607 rum
1014 3563 1046 3609 et
1063 3547 1182 3614 illustris
1202 3549 1245 3614 est
1265 3553 1410 3636 Propertii

381 3643 477 3706 haec:
518 3647 559 3704 In
576 3645 708 3706 Actaeo
726 3649 879 3732 Aracyn-
903 3647 1066 3727 domam,
1078 3655 1126 3727 ιδ,
1142 3656 1276 3736 (a1.16.)
1292 3664 1331 3736 4¹
1347 3656 1409 3713 vio-

382 3746 456 3821 eleo',
491 3750 613 3808 initium
641 3755 782 3814 caminis
809 3759 878 3818 noti
903 3757 1037 3837 'torque
1051 3737 1408 3838 (vltus'matrisiniuriam)

363 3838 485 3922 ''iacirm
504 3865 537 3909 vt
551 3849 774 3931 apudTheocr.
788 3855 875 3941 Idyll.
920 3858 1062 3918 canebat
1086 3861 1225 3921 Paeana
1242 3861 1408 3944 Amphion

365 3948 502 4024 '1V,31,
518 3953 560 4015 52
576 3951 761 4036 fieriputet,
791 3975 822 4020 et
844 3965 877 4022 ut
918 3979 1010 4040 nepe,
1031 3964 1239 4045 Aracyntho,
1259 3979 1328 4024 cua.
1361 3959 1408 4040 (ad

365 4049 481 4113 ‘noster
504 4053 579 4115 fecit
607 4057 669 4121 Ecl.
691 4059 731 4134 V,
749 4061 801 4123 86.
821 4065 874 4144 87,
902 4059 1010 4146 'quem
1036 4067 1139 4128 locum
1170 4073 1267 4130 miror
1283 4072 1318 4128 in
1337 4065 1408 4125 Bur-

375 4169 470 4238 Vt‘iu‘
486 4157 539 4216 ‘iffi
556 4159 693 4235 fficium»
720 4183 748 4222 V·
766 4183 791 4222 c·
806 4165 874 4226 Ari·
901 4163 1023 4230 'manni
1044 4171 1117 4232 edit.
1140 4169 1218 4233 nihil
1239 4167 1300 4232 ess'e
1321 4163 1406 4229 no'ta·

370 4253 873 4343 st0pb·N11b·964.Auaexem-
914 4279 1004 4354 tum.)
1046 4275 1152 4338 Simile
1170 4274 1246 4360 quid
1270 4263 1406 4336 inEuri·
