2942 5067
451 366 512 489 lN
547 362 848 443 GEOR'GIGA¹
1009 379 1013 389 ’
1076 360 1162 439 ’955

122 554 250 638 tibus,
289 546 468 655 expressa
481 550 587 647 fint3
632 580 683 630 ea
704 579 825 633 vero,
861 577 966 652 quae
984 549 1165 647 uniuerso

122 684 210 755 dici
223 694 429 780 poterant,
454 678 513 748 ad
521 678 685 773 factum
699 678 881 777 aliquod,
901 677 1023 775 idque
1039 696 1165 748 vnum

121 822 162 877 et
202 804 408 877 actionem
434 798 686 901 singularem
724 827 748 871 e
780 798 915 871 multis
957 816 1165 877 reuocata,

120 930 182 1002 ad
216 932 360 999 viuum
388 923 707 1024 repraesentata,
751 922 1011 1021 descriptione
1042 922 1166 1007 oculis
1274 938 1287 962 ‘

110 1048 328 1151 subiecta,
373 1046 562 1147 eueniplis
600 1063 639 1119 et
681 1044 1045 1146 comparationibus
1074 1045 1165 1132 illu·

2 1226 3 1277 ξ
109 1172 276 1275 strata,
305 1169 514 1268 struendis
535 1168 727 1271 grauibus
742 1168 828 1265 sint
850 1168 1056 1266 distincta,
1082 1196 1166 1253 om-
1217 1158 1222 1175 ⁸

119 1305 303 1399 uinoque
320 1298 382 1366 itu
405 1310 604 1377 tractata,
637 1310 684 1367 ut
704 1320 788 1365 non
807 1310 894 1367 tam
918 1298 1074 1367 animus
1094 1296 1166 1365 do-

2 1450 3 1453 *
122 1428 206 1497 ceni
222 1420 276 1518 se
286 1416 443 1521 sentiat
464 1442 589 1516 quarn
609 1416 821 1491 delectari.-
849 1434 895 1517 ut
912 1419 1170 1519 nonmagna
1243 1442 1255 1477 ι

2 1586 3 1613 1
122 1546 259 1620 animi
288 1544 517 1615 intentione
543 1542 604 1615 ad
635 1542 952 1641 cognoscendum
976 1568 1073 1643 opus
1094 1540 1166 1637 fit,

2 1668 3 1675 '
112 1671 193 1773 sed
214 1686 264 1740 vt
278 1666 383 1764 satis
397 1661 473 1758 fit,
510 1666 632 1739 modo
660 1669 818 1739 animus
836 1669 1071 1766 recipiendis
1093 1669 1167 1755 im,-

2 1896 3 1901 Ἰ
118 1790 298 1897 pulsibus
323 1792 537 1860 uariorum
566 1792 793 1889 imaginum
814 1772 1168 1890 sensationumquae

2 1940 3 2023 3
120 1932 293 2020 pateat;
333 1928 380 1983 ot
402 1930 621 2011 praecepto
643 1929 682 1985 et
700 1910 930 2008 sententiae
950 1911 1061 2013 quasi
1083 1938 1168 1984 cor-

119 2067 224 2142 pore
260 2036 398 2135 aliquo
429 2036 621 2109 inductae
642 2033 818 2132 sensibus
837 2034 1047 2137 subiectae
1073 2052 1169 2110 ante

124 2163 267 2239 oculos
306 2160 490 2233 incedere
521 2158 765 2259 palparique
792 2155 901 2261 poffe
935 2162 1166 2243 videantur>

123 2307 271 2390 utque,
314 2285 412 2357 dum
434 2286 478 2355 in
504 2308 638 2355 rerum
658 2281 747 2381 ipsa
764 2288 1009 2359 tractatione
1030 2301 1070 2358 et
1094 2283 1169 2384 vsu
1204 2253 1212 2274 x

124 2412 284 2509 versari
301 2425 344 2479 te
362 2404 575 2505 exilum,
592 2404 682 2504 sute
703 2412 815 2479 omni
838 2405 1033 2506 molestia,
1054 2426 1170 2510 putes

124 2555 163 2611 te
195 2531 429 2631 adsuescere
459 2536 595 2631 potius
619 2528 733 2605 rebus
765 2533 933 2632 agendis
959 2559 1083 2632 quam
1108 2536 1169 2605 di·

116 2659 294 2761 scandis.
362 2659 453 2728 Iam
479 2680 539 2728 res
571 2653 681 2727 aliae
720 2656 904 2727 naturali
932 2656 1071 2757 aliqua
1091 2655 1170 2754 seu

128 2786 334 2886 dignitate
352 2779 431 2877 seu
453 2778 665 2878 suauitate
688 2775 742 2874 se
775 2782 1079 2858 commendant,
1126 2784 1171 2851 in

127 2904 272 3009 quibus
301 2921 450 3003 poetae
478 2908 564 2977 iam
592 2902 698 3000 satis
724 2919 880 3001 paratu
903 2902 1010 2983 laus,
1046 2904 1171 2976 modo

128 3058 178 3105 ne
200 3054 273 3102 eas
293 3032 477 3101 oratione
503 3030 659 3103 deterat
665 3057 681 3117 ,·
725 3024 898 3127 sufficit,
939 3044 986 3098 vt
1005 3044 1170 3127 aequet‚·

120 3154 184 3251 ssn
213 3151 435 3252 amplificet
467 3170 506 3227 et
538 3170 708 3256 augeat,
755 3152 801 3223 id
829 3178 926 3223 uero
966 3152 1025 3224 od
1055 3168 1170 3223 tanto
1206 3216 1210 3224 .

129 3282 331 3351 maiorem
351 3280 504 3377 ingenii
531 3275 921 3350 commendationem
943 3276 1088 3374 fucere
1105 3302 1172 3349 ne·
1204 3338 1210 3347 .

131 3398 228 3501 cesse
264 3396 337 3497 esis
398 3399 509 3471 aliae
544 3418 681 3474 nutem
710 3426 772 3473 res
800 3417 875 3473 aut
906 3418 1057 3471 natura
1084 3401 1170 3498 sua

130 3542 267 3598 tenues
296 3541 336 3597 et
363 3529 542 3605 ieiunae,
566 3542 661 3623 ¹aut
689 3528 877 3625 opinione
901 3524 1086 3605 humiles,
1120 3544 1171 3614 ⁸et
1204 3598 1207 3602 .

127 3648 243 3721 millo
257 3646 341 3745 suo
362 3650 506 3721 decore
524 3646 731 3749 insignitae
740 3647 859 3745 sunt,·
883 3674 983 3749 quas
991 3647 1031 3744 si
1045 3669 1172 3751 poeta

133 3796 225 3845 cum
247 3770 386 3873 perse
406 3774 527 3873 gralo
552 3772 688 3873 aliquo
708 3770 849 3845 habitu
868 3774 1051 3853 induere,
1086 3792 1173 3847 tum
1206 3842 1209 3851 Δ

134 3914 393 3971 externarum
437 3920 590 3977 rerum,
653 3900 833 3997 inprimis
878 3895 1172 3999 digrefflonum,

132 4025 282 4092 uirtute
290 4017 396 4117 satis
420 4046 566 4095 ornare
579 4025 776 4123 potuerit,
819 4025 862 4094 in
882 4048 928 4094 eo
948 4049 1044 4094 vero
1060 4024 1173 4119 sune·
1201 4088 1208 4097 .

134 4168 245 4215 mam
259 4148 447 4241 poeticae
468 4144 687 4243 facultatis
714 4162 755 4217 et
776 4151 873 4218 artis
896 4146 1060 4218 laudem
1081 4170 1173 4219 con-

126 4254 318 4367 sequitur.
385 4268 678 4373 Digreffionum
703 4275 841 4370 itaque
862 4270 922 4343 ad
944 4272 1172 4356 ornandum
