2942 5067
225 330 524 424 renuero
561 326 927 421 eorrronls
1047 360 1100 420 n
1260 414 1266 424 ,
1396 309 1398 388 ³

161 527 362 623 Reddere
402 528 627 628 rationem
660 522 894 656 sigillatim
924 554 1100 642 eorum‚·

94 724 186 821 quoe
216 698 270 787 in
300 696 439 787 tertia
471 692 564 787 hac
584 690 799 787 ,editione
830 686 1103 805 accesserint,-

93 863 176 987 quia
200 862 291 955 fine
315 860 648 953 ostentationis.
672 852 820 985 specie
852 863 1100 951 memorari

93 1026 427 1155 usionequeunt,
448 1021 720 1155 supersedeo.
755 1022 1103 1139 Sufficieobelo

95 1224 149 1285 ne
168 1190 411 1292 confodisse
435 1194 601 1309 multa,
646 1222 734 1284 nec
759 1187 1004 1319 pepercisse
1025 1194 1101 1309 iio·
1129 1246 1133 1255 ·

97 1390 199 1481 quae,
231 1356 345 1453 olim
369 1358 623 1453 admodum
657 1356 855 1486 probata
887 1376 968 1451 aut
987 1392 1099 1487 pro-

99 1523 228 1617 babilia
248 1522 364 1644 visa,
403 1557 530 1619 nunc
550 1522 694 1617 sundo
725 1522 894 1617 idoneo
919 1522 1100 1619 desumi

100 1688 335 1786 ridebanur.
387 1688 538 1787 Video
563 1688 749 1818 quidem
766 1688 858 1784 hoc
877 1686 962 1783 esse
981 1693 1101 1787 inter

101 1854 189 1947 ndu
204 1888 373 1986 operae
392 1888 543 1972 meae,
571 1856 698 1983 quod
711 1855 838 1948 nulle
853 1856 914 1949 est
931 1856 1100 1951 harum

103 2020 331 2141 editionum,
362 2026 483 2151 qun'e
497 2017 1099 2151 asterivbiqnerespondeat.

105 2188 198 2305 Quid
220 2212 379 2283 tamen
409 2193 460 2281 in·
487 2188 693 2285 humane
718 2184 808 2283 hac
837 2188 1099 2285 insumitate

106 2352 225 2470 facin,
265 2390 401 2473 cum,
448 2351 811 2483 quotiescunque
836 2353 1029 2483 aliquid,
1068 2390 1098 2455 a
1234 2328 1239 2337 .

106 2540 344 2617 temratum
378 2545 458 2619 eut
488 2521 791 2639 elaboratum,
841 2525 1008 2616 iterum
1027 2528 1097 2617 ine

108 2680 268 2811 spexeris,
286 2692 426 2785 toties
438 2687 594 2784 videas
607 2684 704 2805 esse,
728 2712 1036 2816 quaemututa
1050 2714 1097 2787 et

112 2852 302 2950 mendara
323 2850 412 2949 esse
430 2854 587 2949 malles
593 2924 608 2972 ‚
652 2854 823 2950 etiamsi
842 2887 940 2948 non
960 2860 1100 2962 nimie
1186 2972 1190 2979 .

111 3018 266 3116 norosur
284 3024 341 3117 sis
362 3044 470 3117 tuae
497 3055 665 3153 operae
692 3020 828 3115 iudex
857 3020 1098 3119 accensor.

111 3182 228 3311 ltaque
243 3192 376 3283 venia
408 3220 592 3317 quoque
627 3188 780 3296 danda
805 3190 920 3280 mihi
947 3190 1028 3305 est,
1063 3192 1098 3294 fi

114 3346 291 3448 interdum
321 3358 537 3451 mutarim
565 3354 849 3473 sententium,
891 3356 981 3449 osia
1001 3389 1100 3475 am«,

115 3510 232 3639 plenu
250 3524 344 3640 sun,
376 3522 534 3617 autad
554 3524 744 3651 pristine
761 3524 984 3617 redierim.
1010 3494 1100 3619 ⁴Est

64 3766 66 3811 3
114 3678 448 3815 inonensem-‘rum
464 3688 623 3805 moles,
645 3722 763 3819 quae
779 3695 937 3785 intem
955 3690 1098 3823 longo

65 3838 69 4036 i
121 3870 244 3970 θρωπε
270 3852 393 3949 cursu
412 3861 623 3974 occurrit;
669 3890 757 3953 nec
782 3855 954 3986 semper
973 3858 1101 3955 idenr‘
1155 3982 1159 3990 .

68 4078 70 4119 ι
124 4008 163 4099 ‘ft
178 4020 295 4113 animi
312 4023 490 4119 habitus
513 4046 559 4117 et
575 4020 739 4141 sensus3
771 4022 999 4118 afferimus
1013 4028 1099 4117 im-

126 4178 320 4305 Pmdenteu
337 4222 409 4309 ea,
431 4213 715 4317 quaemente
728 4190 1102 4323 inaliirnegotiio
