2942 5067
347 396 408 485 210,
508 380 593 463 ‚sse
625 382 889 457 einum
920 374 1220 466 nvcomco

345 568 586 671 quibusdam
620 568 790 643 delinire
817 566 966 673 potest,
1010 578 1053 646 in
1089 579 1138 649 id
1165 584 1308 680 poeta'
1345 582 1413 654 ius

345 696 477 773 babet.
514 697 622 771 sed
653 724 736 769 nan
769 703 813 770 in
851 704 962 771 omni
988 728 1133 803 genere
1160 711 1314 778 omnia
1347 710 1414 779 ad

347 823 632 897 delectandum
656 828 741 895 vim
767 824 916 901 babere
942 824 1125 929 poffunt5
1181 850 1220 904 et
1251 860 1412 933 perpe·

269 936 273 944 ¹
344 978 437 1027 ram
452 947 668 1047 statuitur,
712 956 825 1053 quod
854 955 972 1028 multi
998 960 1159 1029 credere
1183 962 1410 1042 videntur,

334 1079 441 1180 satis
462 1074 535 1175 effe
555 1080 614 1152 ad
630 1096 798 1153 'carmen
815 1078 1023 1179 rusticum,
1049 1088 1250 1177 molares
1266 1116 1295 1161 e
1308 1094 1410 1160 vita

346 1205 515 1303 rustica,
554 1231 816 1310 quaecunque
837 1208 937 1306 istae
945 1207 1049 1305 sint,
1079 1211 1289 1287 verbisne
1309 1242 1408 1289 vers-

335 1332 444 1434 stbus
464 1333 700 1409 reddantur.
753 1338 852 1411 Sunt
878 1338 1033 1411 multae
1055 1357 1192 1438 partes
1212 1360 1254 1415 et
1282 1344 1407 1442 casus

307 1508 308 1511 =
344 1467 457 1535 uitae
475 1456 665 1557 rusticae,
688 1468 806 1538 nimis
823 1480 978 1547 tenues,
996 1467 1184 1550 humiles,
1211 1489 1252 1542 et
1279 1472 1402 1550 viles,

348 1594 410 1675 ita
437 1606 484 1661 vt
513 1605 702 1661 ornatum
733 1592 922 1693 respuant
949 1613 1025 1669 aut
1056 1596 1144 1697 ipsu
1178 1624 1403 1672 ornamen-

346 1724 397 1797 tis
425 1716 660 1817 displiceant
676 1717 961 1821 sagacioribus
966 1750 983 1810 ,·
1009 1722 1112 1822 sunt
1133 1720 1242 1804 alia,
1288 1751 1405 1827 quae

347 1828 396 1927 in
430 1846 515 1917 alio
548 1846 665 1943 forte
710 1853 890 1921 carmine
916 1848 1097 1947 feliciter
1141 1850 1405 1925 adumbrata

343 1974 507 2075 placere
528 1970 674 2073 poffint
685 2002 701 2061 ,·
727 1975 879 2071 sedin
907 1975 1040 2075 nostro
1063 2006 1210 2081 genere
1227 1997 1401 2053 tantum

346 2128 400 2177 eu
416 2101 517 2199 sunt
546 2084 816 2184 admittentia,
849 2129 955 2204 quae
975 2105 1160 2205 otiosam,
1181 2105 1399 2205 securam,

347 2229 518 2305 liberam
545 2244 584 2301 et
613 2228 794 2301 omnibus
820 2236 924 2335 curis
935 2231 1122 2331 solutam
1143 2238 1398 2335 negotiisque

346 2384 525 2451 'uacuam
553 2360 685 2445 vitam
712 2356 896 2431 exhibere
929 2376 970 2431 et
989 2359 1190 2457 subiicere
1211 2359 1398 2459 sensibus

346 2485 486 2587 nostris
497 2481 669 2586 poffunt,
698 2486 829 2586 qualis
846 2512 985 2560 eorum
1002 2488 1211 2563 bominum
1229 2508 1271 2563 et
1293 2490 1397 2563 olim

336 2620 446 2719 fuit,
484 2632 523 2688 et
553 2614 688 2693 adbuc
720 2619 765 2687 in
789 2614 1030 2716 quibusdam
1061 2623 1176 2691 terris
1199 2614 1281 2715 est,
1324 2618 1396 2715 qui

346 2746 530 2833 nondum
558 2747 602 2817 in
629 2746 814 2815 ciuitates
835 2744 994 2842 redacti
1026 2764 1099 2819 aut
1126 2751 1287 2846 imperii
1318 2744 1404 2817 ali··

346 2902 430 2979 qua
447 2874 593 2972 farma
614 2872 799 2972 descripti
818 2870 938 2969 sunt.-
981 2876 1060 2977 Qui
1091 2875 1272 2950 homines
1299 2896 1394 2945 cum

347 3023 421 3089 aut
443 3005 660 3077 venatione
687 3017 761 3073 aut
787 2997 971 3101 pastione
993 3007 1149 3074 victum
1174 3016 1390 3103 quaerant,

346 3160 446 3209 nam
475 3157 567 3203 cum
596 3132 785 3201 aratione
812 3146 866 3200 en
878 3154 1047 3231 magnos
1067 3130 1279 3203 hominum
1297 3154 1391 3203 eoe-

346 3278 410 3347 tus
430 3264 521 3361 oogi
545 3273 583 3329 et
609 3254 792 3329 naturali
816 3254 1001 3331 libertate
1023 3263 1119 3333 exui
1138 3255 1290 3356 neceffe
1315 3252 1387 3353 est,

347 3414 516 3489 cumque
559 3388 723 3457 venatio
776 3384 948 3460 multum
987 3387 1171 3486 feritatis
1216 3384 1387 3468 habeam

346 3543 506 3617 eorum,
559 3518 631 3615 qui
671 3510 858 3616 gregibus
894 3513 1105 3615 pascendis
1147 3514 1270 3589 libere
1314 3534 1388 3613 per

334 3644 463 3743 siluas
501 3668 739 3743 camposque
772 3658 992 3742 vagantur,
1026 3648 1117 3715 uita
1142 3660 1182 3715 et
1214 3642 1387 3715 minimis

346 3772 465 3847 malis
498 3767 660 3843 laborat
695 3786 736 3855 et
770 3774 960 3845 nmaeimts
985 3770 1247 3873 plurimisque
1275 3770 1386 3843 banis

347 3884 557 3975 cumulata
586 3894 651 3995 qil
708 3900 759 3972 In
789 3898 985 3973 tractando
1014 3904 1152 4001 itaque
1173 3895 1395 3999 pastoritio.

345 4006 583 4141 argumento
608 4032 759 4127 poetae
794 4022 1011 4124 neceffario
1044 4032 1108 4101 ita
1143 4028 1385 4136 uqrsandum

221 4180 245 4249 Α
347 4161 449 4251 erit,
479 4172 524 4229 ut
544 4158 699 4255 partim
724 4150 933 4253 pastorum
953 4147 1062 4253 suae
1086 4161 1218 4258 gentis
1248 4152 1382 4230 condi-

347 4292 498 4360 tionem
528 4260 684 4381 nats‘s,
706 4280 1000 4386 quibuscunque
1025 4290 1251 4386 premitur,
1278 4282 1382 4383 cogi·
