<?xml version="1.0" encoding="UTF-8"?>
<!DOCTYPE html PUBLIC "-//W3C//DTD XHTML 1.0 Transitional//EN"
    "http://www.w3.org/TR/xhtml1/DTD/xhtml1-transitional.dtd">
<html xmlns="http://www.w3.org/1999/xhtml" xml:lang="en" lang="en">
 <head>
  <title>
</title>
<meta http-equiv="Content-Type" content="text/html;charset=utf-8" />
  <meta name='ocr-system' content='tesseract 3.04.00' />
  <meta name='ocr-capabilities' content='ocr_page ocr_carea ocr_par ocr_line ocrx_word'/>
</head>
<body>
  <div class='ocr_page' id='page_1' title='image "./varietatelectio00heyngoog_0094.png"; bbox 0 0 2942 5067; ppageno 0'>
   <div class='ocr_carea' id='block_1_1' title="bbox 369 401 1248 498">
    <p class='ocr_par' dir='ltr' id='par_1_1' title="bbox 369 401 1248 498">
     <span class='ocr_line' id='line_1_1' title="bbox 369 401 1248 498; baseline -0.006 -15"><span class='ocrx_word' id='word_1_1' title='bbox 369 440 421 498; x_wconf 80' lang='lat'><em>20</em></span> <span class='ocrx_word' id='word_1_2' title='bbox 541 407 619 485; x_wconf 84' lang='lat' dir='ltr'><em>DE</em></span> <span class='ocrx_word' id='word_1_3' title='bbox 652 405 915 480; x_wconf 75' lang='lat' dir='ltr'><strong>CARMINE</strong></span> <span class='ocrx_word' id='word_1_4' title='bbox 949 401 1248 480; x_wconf 86' lang='lat' dir='ltr'>BVCOLICO</span> 
     </span>
    </p>
   </div>
   <div class='ocr_carea' id='block_1_2' title="bbox 272 583 1414 2987">
    <p class='ocr_par' dir='ltr' id='par_1_2' title="bbox 272 583 1414 2987">
     <span class='ocr_line' id='line_1_2' title="bbox 369 583 1409 701; baseline -0.017 -25"><span class='ocrx_word' id='word_1_5' title='bbox 369 609 416 678; x_wconf 89' lang='lat' dir='ltr'><em>in</em></span> <span class='ocrx_word' id='word_1_6' title='bbox 447 595 588 701; x_wconf 74' lang='lat' dir='ltr'><em>quibus</em></span> <span class='ocrx_word' id='word_1_7' title='bbox 620 593 889 683; x_wconf 74' lang='lat' dir='ltr'><em>retractandis</em></span> <span class='ocrx_word' id='word_1_8' title='bbox 932 591 1036 664; x_wconf 79' lang='lat' dir='ltr'><em>oller</em></span> <span class='ocrx_word' id='word_1_9' title='bbox 1073 607 1113 665; x_wconf 84' lang='lat' dir='ltr'><em>et</em></span> <span class='ocrx_word' id='word_1_10' title='bbox 1147 588 1342 692; x_wconf 80' lang='lat' dir='ltr'><em>poliendis</em></span> <span class='ocrx_word' id='word_1_11' title='bbox 1366 583 1409 684; x_wconf 91' lang='lat' dir='ltr'><em>se</em></span> 
     </span>
     <span class='ocr_line' id='line_1_3' title="bbox 372 715 1410 822; baseline -0.019 -17"><span class='ocrx_word' id='word_1_12' title='bbox 372 732 593 812; x_wconf 86' lang='lat' dir='ltr'><em>continuit,·</em></span> <span class='ocrx_word' id='word_1_13' title='bbox 645 721 757 822; x_wconf 84' lang='lat' dir='ltr'><em>quod</em></span> <span class='ocrx_word' id='word_1_14' title='bbox 788 723 973 820; x_wconf 76' lang='lat' dir='ltr'><em>quamuis</em></span> <span class='ocrx_word' id='word_1_15' title='bbox 1003 745 1152 820; x_wconf 76' lang='lat' dir='ltr'><em>magno</em></span> <span class='ocrx_word' id='word_1_16' title='bbox 1172 715 1410 818; x_wconf 76' lang='lat' dir='ltr'><em>·plerumque</em></span> 
     </span>
     <span class='ocr_line' id='line_1_4' title="bbox 371 847 1410 960; baseline -0.018 -28"><span class='ocrx_word' id='word_1_17' title='bbox 371 860 538 960; x_wconf 74' lang='lat' dir='ltr'><em>ingenio</em></span> <span class='ocrx_word' id='word_1_18' title='bbox 553 850 719 950; x_wconf 85' lang='lat' dir='ltr'><em>factum</em></span> <span class='ocrx_word' id='word_1_19' title='bbox 741 871 859 922; x_wconf 91' lang='lat' dir='ltr'><em>nemo</em></span> <span class='ocrx_word' id='word_1_20' title='bbox 882 863 1019 951; x_wconf 76' lang='lat' dir='ltr'><em>neget,</em></span> <span class='ocrx_word' id='word_1_21' title='bbox 1053 847 1257 919; x_wconf 87' lang='lat' dir='ltr'><em>interdum</em></span> <span class='ocrx_word' id='word_1_22' title='bbox 1287 861 1410 914; x_wconf 86' lang='lat' dir='ltr'><em>tomen</em></span> 
     </span>
     <span class='ocr_line' id='line_1_5' title="bbox 375 970 1409 1081; baseline -0.018 -22"><span class='ocrx_word' id='word_1_23' title='bbox 375 1005 465 1060; x_wconf 89' lang='lat' dir='ltr'><em>tom</em></span> <span class='ocrx_word' id='word_1_24' title='bbox 493 980 673 1081; x_wconf 85' lang='lat' dir='ltr'><em>sollicite</em></span> <span class='ocrx_word' id='word_1_25' title='bbox 718 975 921 1051; x_wconf 79' lang='lat' dir='ltr'><em>Theocriti</em></span> <span class='ocrx_word' id='word_1_26' title='bbox 961 970 1132 1075; x_wconf 72' lang='lat' dir='ltr'><em>uestigio</em></span> <span class='ocrx_word' id='word_1_27' title='bbox 1168 977 1336 1072; x_wconf 82' lang='lat' dir='ltr'><em>premit,</em></span> <span class='ocrx_word' id='word_1_28' title='bbox 1370 985 1409 1040; x_wconf 83' lang='lat' dir='ltr'><em>ot</em></span> 
     </span>
     <span class='ocr_line' id='line_1_6' title="bbox 364 1102 1410 1213; baseline -0.014 -27"><span class='ocrx_word' id='word_1_29' title='bbox 364 1111 582 1213; x_wconf 79' lang='lat' dir='ltr'><em>sublegere</em></span> <span class='ocrx_word' id='word_1_30' title='bbox 612 1107 748 1208; x_wconf 83' lang='lat' dir='ltr'><em>potius</em></span> <span class='ocrx_word' id='word_1_31' title='bbox 775 1103 838 1175; x_wconf 88' lang='lat' dir='ltr'><em>illi</em></span> <span class='ocrx_word' id='word_1_32' title='bbox 865 1103 970 1202; x_wconf 83' lang='lat' dir='ltr'><em>suo,</em></span> <span class='ocrx_word' id='word_1_33' title='bbox 1014 1119 1052 1175; x_wconf 85' lang='lat' dir='ltr'><em>et</em></span> <span class='ocrx_word' id='word_1_34' title='bbox 1083 1102 1216 1200; x_wconf 72' lang='lat' dir='ltr'><em>versus</em></span> <span class='ocrx_word' id='word_1_35' title='bbox 1246 1103 1410 1200; x_wconf 76' lang='lat' dir='ltr'><em>undique</em></span> 
     </span>
     <span class='ocr_line' id='line_1_7' title="bbox 377 1229 1410 1338; baseline -0.013 -25"><span class='ocrx_word' id='word_1_36' title='bbox 377 1233 614 1338; x_wconf 84' lang='lat' dir='ltr'><em>conquisitos</em></span> <span class='ocrx_word' id='word_1_37' title='bbox 642 1231 769 1303; x_wconf 82' lang='lat' dir='ltr'><em>latine</em></span> <span class='ocrx_word' id='word_1_38' title='bbox 806 1247 1057 1310; x_wconf 83' lang='lat' dir='ltr'><em>conuertere,</em></span> <span class='ocrx_word' id='word_1_39' title='bbox 1104 1252 1229 1330; x_wconf 80' lang='lat' dir='ltr'><em>quom</em></span> <span class='ocrx_word' id='word_1_40' title='bbox 1254 1229 1332 1328; x_wconf 90' lang='lat' dir='ltr'><em>suo</em></span> <span class='ocrx_word' id='word_1_41' title='bbox 1359 1231 1410 1300; x_wconf 88' lang='lat' dir='ltr'><em>in·</em></span> 
     </span>
     <span class='ocr_line' id='line_1_8' title="bbox 370 1358 1408 1472; baseline -0.013 -33"><span class='ocrx_word' id='word_1_42' title='bbox 370 1371 494 1472; x_wconf 76' lang='lat' dir='ltr'><em>genio</em></span> <span class='ocrx_word' id='word_1_43' title='bbox 521 1367 584 1434; x_wconf 75' lang='lat' dir='ltr'><em>oti</em></span> <span class='ocrx_word' id='word_1_44' title='bbox 609 1362 812 1432; x_wconf 83' lang='lat' dir='ltr'><em>videatur.</em></span> <span class='ocrx_word' id='word_1_45' title='bbox 883 1360 963 1434; x_wconf 88' lang='lat' dir='ltr'><em>Sed</em></span> <span class='ocrx_word' id='word_1_46' title='bbox 989 1359 1043 1446; x_wconf 76' lang='lat' dir='ltr'><em>de</em></span> <span class='ocrx_word' id='word_1_47' title='bbox 1070 1358 1131 1430; x_wconf 86' lang='lat' dir='ltr'><em>his</em></span> <span class='ocrx_word' id='word_1_48' title='bbox 1156 1363 1217 1428; x_wconf 86' lang='lat' dir='ltr'><em>ito</em></span> <span class='ocrx_word' id='word_1_49' title='bbox 1245 1361 1408 1457; x_wconf 69' lang='lat' dir='ltr'><em>quisque,</em></span> 
     </span>
     <span class='ocr_line' id='line_1_9' title="bbox 372 1483 1410 1585; baseline -0.013 -18"><span class='ocrx_word' id='word_1_50' title='bbox 372 1498 436 1568; x_wconf 83' lang='lat' dir='ltr'><em>vti</em></span> <span class='ocrx_word' id='word_1_51' title='bbox 457 1489 617 1563; x_wconf 87' lang='lat' dir='ltr'><em>libitum</em></span> <span class='ocrx_word' id='word_1_52' title='bbox 638 1483 713 1584; x_wconf 71' lang='lat' dir='ltr'><em>eli,</em></span> <span class='ocrx_word' id='word_1_53' title='bbox 729 1485 897 1583; x_wconf 84' lang='lat' dir='ltr'><em>sentiat.</em></span> <span class='ocrx_word' id='word_1_54' title='bbox 948 1485 992 1560; x_wconf 86' lang='lat' dir='ltr'><em>Si</em></span> <span class='ocrx_word' id='word_1_55' title='bbox 1012 1502 1149 1557; x_wconf 76' lang='lat' dir='ltr'><em>tanton</em></span> <span class='ocrx_word' id='word_1_56' title='bbox 1171 1483 1313 1585; x_wconf 82' lang='lat' dir='ltr'><em>aliquo</em></span> <span class='ocrx_word' id='word_1_57' title='bbox 1331 1485 1410 1555; x_wconf 92' lang='lat' dir='ltr'><em>Vir-</em></span> 
     </span>
     <span class='ocr_line' id='line_1_10' title="bbox 372 1610 1410 1724; baseline -0.009 -33"><span class='ocrx_word' id='word_1_58' title='bbox 372 1619 467 1724; x_wconf 75' lang='lat' dir='ltr'><em>gilii</em></span> <span class='ocrx_word' id='word_1_59' title='bbox 489 1643 541 1690; x_wconf 88' lang='lat' dir='ltr'><em>eo</em></span> <span class='ocrx_word' id='word_1_60' title='bbox 559 1619 603 1688; x_wconf 91' lang='lat' dir='ltr'><em>in</em></span> <span class='ocrx_word' id='word_1_61' title='bbox 625 1641 670 1688; x_wconf 89' lang='lat' dir='ltr'><em>re</em></span> <span class='ocrx_word' id='word_1_62' title='bbox 696 1615 816 1716; x_wconf 63' lang='lat' dir='ltr'><em>cu&#39;lsm</em></span> <span class='ocrx_word' id='word_1_63' title='bbox 839 1610 915 1709; x_wconf 83' lang='lat' dir='ltr'><em>est,</em></span> <span class='ocrx_word' id='word_1_64' title='bbox 955 1615 1066 1714; x_wconf 87' lang='lat' dir='ltr'><em>quod</em></span> <span class='ocrx_word' id='word_1_65' title='bbox 1089 1613 1340 1685; x_wconf 80' lang='lat' dir='ltr'><em>Theocriteos</em></span> <span class='ocrx_word' id='word_1_66' title='bbox 1359 1611 1410 1682; x_wconf 84' lang='lat' dir='ltr'><em>lo·</em></span> 
     </span>
     <span class='ocr_line' id='line_1_11' title="bbox 374 1739 1410 1853; baseline -0.014 -30"><span class='ocrx_word' id='word_1_67' title='bbox 374 1751 504 1822; x_wconf 74' lang='lat' dir='ltr'><em>cintus</em></span> <span class='ocrx_word' id='word_1_68' title='bbox 531 1740 848 1840; x_wconf 81' lang='lat' dir='ltr'><em>consorcinouit,</em></span> <span class='ocrx_word' id='word_1_69' title='bbox 891 1739 996 1839; x_wconf 86' lang='lat' dir='ltr'><em>sotis</em></span> <span class='ocrx_word' id='word_1_70' title='bbox 1018 1766 1158 1853; x_wconf 76' lang='lat' dir='ltr'><em>graues</em></span> <span class='ocrx_word' id='word_1_71' title='bbox 1180 1767 1332 1841; x_wconf 81' lang='lat' dir='ltr'><em>poenas</em></span> <span class='ocrx_word' id='word_1_72' title='bbox 1353 1741 1410 1810; x_wconf 90' lang='lat' dir='ltr'><em>de·</em></span> 
     </span>
     <span class='ocr_line' id='line_1_12' title="bbox 375 1867 1411 1980; baseline -0.012 -30"><span class='ocrx_word' id='word_1_73' title='bbox 375 1877 459 1954; x_wconf 80' lang='lat' dir='ltr'><em>dit,</em></span> <span class='ocrx_word' id='word_1_74' title='bbox 508 1867 713 1970; x_wconf 83' lang='lat' dir='ltr'><em>cumpost</em></span> <span class='ocrx_word' id='word_1_75' title='bbox 746 1895 837 1942; x_wconf 89' lang='lat' dir='ltr'><em>eum</em></span> <span class='ocrx_word' id='word_1_76' title='bbox 876 1873 951 1941; x_wconf 73' lang='lat' dir='ltr'><em>vix</em></span> <span class='ocrx_word' id='word_1_77' title='bbox 974 1875 1185 1970; x_wconf 66' lang='lat' dir='ltr'><em>quiequam</em></span> <span class='ocrx_word' id='word_1_78' title='bbox 1216 1887 1290 1940; x_wconf 86' lang='lat' dir='ltr'><em>out</em></span> <span class='ocrx_word' id='word_1_79' title='bbox 1318 1885 1411 1980; x_wconf 67' lang='lat' dir='ltr'><em>uete-</em></span> 
     </span>
     <span class='ocr_line' id='line_1_13' title="bbox 375 1995 1411 2093; baseline -0.014 -13"><span class='ocrx_word' id='word_1_80' title='bbox 375 2029 470 2080; x_wconf 92' lang='lat' dir='ltr'><em>rum</em></span> <span class='ocrx_word' id='word_1_81' title='bbox 495 2017 570 2072; x_wconf 88' lang='lat' dir='ltr'><em>out</em></span> <span class='ocrx_word' id='word_1_82' title='bbox 606 2003 874 2071; x_wconf 79' lang='lat' dir='ltr'><em>recentiorum</em></span> <span class='ocrx_word' id='word_1_83' title='bbox 905 1995 1104 2069; x_wconf 84' lang='lat' dir='ltr'><em>bucolicos</em></span> <span class='ocrx_word' id='word_1_84' title='bbox 1128 1996 1261 2093; x_wconf 83' lang='lat' dir='ltr'><em>uersus</em></span> <span class='ocrx_word' id='word_1_85' title='bbox 1288 1995 1411 2068; x_wconf 86' lang='lat' dir='ltr'><em>condi-</em></span> 
     </span>
     <span class='ocr_line' id='line_1_14' title="bbox 272 2125 1411 2232; baseline -0.012 -25"><span class='ocrx_word' id='word_1_86' title='bbox 272 2217 279 2232; x_wconf 44' lang='grc'>,</span> <span class='ocrx_word' id='word_1_87' title='bbox 376 2135 504 2209; x_wconf 88' lang='lat' dir='ltr'><em>derit,</em></span> <span class='ocrx_word' id='word_1_88' title='bbox 546 2128 644 2227; x_wconf 83' lang='lat' dir='ltr'><em>quin</em></span> <span class='ocrx_word' id='word_1_89' title='bbox 679 2153 731 2198; x_wconf 76' lang='lat' dir='ltr'><em>en</em></span> <span class='ocrx_word' id='word_1_90' title='bbox 775 2125 950 2226; x_wconf 79' lang='lat' dir='ltr'><em>Virgilio</em></span> <span class='ocrx_word' id='word_1_91' title='bbox 981 2151 1134 2197; x_wconf 88' lang='lat' dir='ltr'><em>nouam</em></span> <span class='ocrx_word' id='word_1_92' title='bbox 1160 2125 1411 2226; x_wconf 76' lang='lat' dir='ltr'><em>rhapsodiam</em></span> 
     </span>
     <span class='ocr_line' id='line_1_15' title="bbox 374 2251 1412 2349; baseline -0.01 -17"><span class='ocrx_word' id='word_1_93' title='bbox 374 2257 650 2332; x_wconf 79' lang='lat' dir='ltr'><em>bucolicorum</em></span> <span class='ocrx_word' id='word_1_94' title='bbox 666 2251 856 2349; x_wconf 80' lang='lat' dir='ltr'><em>uersuum</em></span> <span class='ocrx_word' id='word_1_95' title='bbox 877 2271 916 2324; x_wconf 92' lang='lat' dir='ltr'><em>et</em></span> <span class='ocrx_word' id='word_1_96' title='bbox 927 2251 1224 2349; x_wconf 86' lang='lat' dir='ltr'><em>sententiarum</em></span> <span class='ocrx_word' id='word_1_97' title='bbox 1244 2255 1412 2326; x_wconf 86' lang='lat' dir='ltr'><em>adorno·</em></span> 
     </span>
     <span class='ocr_line' id='line_1_16' title="bbox 374 2379 1413 2480; baseline -0.01 -19"><span class='ocrx_word' id='word_1_98' title='bbox 374 2404 448 2461; x_wconf 86' lang='lat' dir='ltr'><em>ret.</em></span> <span class='ocrx_word' id='word_1_99' title='bbox 503 2380 698 2456; x_wconf 81' lang='lat' dir='ltr'><em>Facilitas</em></span> <span class='ocrx_word' id='word_1_100' title='bbox 716 2381 819 2452; x_wconf 81' lang='lat' dir='ltr'><em>liaeo</em></span> <span class='ocrx_word' id='word_1_101' title='bbox 836 2385 880 2452; x_wconf 91' lang='lat' dir='ltr'><em>in</em></span> <span class='ocrx_word' id='word_1_102' title='bbox 899 2380 1100 2454; x_wconf 85' lang='lat' dir='ltr'><em>nonnullis</em></span> <span class='ocrx_word' id='word_1_103' title='bbox 1119 2387 1232 2454; x_wconf 84' lang='lat' dir='ltr'><em>uitae</em></span> <span class='ocrx_word' id='word_1_104' title='bbox 1252 2379 1413 2480; x_wconf 85' lang='lat' dir='ltr'><em>rusticae</em></span> 
     </span>
     <span class='ocr_line' id='line_1_17' title="bbox 375 2505 1412 2612; baseline -0.004 -28"><span class='ocrx_word' id='word_1_105' title='bbox 375 2508 535 2586; x_wconf 81' lang='lat' dir='ltr'><em>tabellis</em></span> <span class='ocrx_word' id='word_1_106' title='bbox 560 2524 773 2610; x_wconf 80' lang='lat' dir='ltr'><em>tamquam</em></span> <span class='ocrx_word' id='word_1_107' title='bbox 802 2505 952 2604; x_wconf 81' lang='lat' dir='ltr'><em>musmo</em></span> <span class='ocrx_word' id='word_1_108' title='bbox 982 2535 1100 2609; x_wconf 81' lang='lat' dir='ltr'><em>opere</em></span> <span class='ocrx_word' id='word_1_109' title='bbox 1137 2527 1412 2612; x_wconf 77' lang='lat' dir='ltr'><em>coagmentan-</em></span> 
     </span>
     <span class='ocr_line' id='line_1_18' title="bbox 377 2635 1411 2738; baseline 0.003 -26"><span class='ocrx_word' id='word_1_110' title='bbox 377 2639 440 2712; x_wconf 90' lang='lat' dir='ltr'><em>dis</em></span> <span class='ocrx_word' id='word_1_111' title='bbox 459 2635 650 2709; x_wconf 83' lang='lat' dir='ltr'><em>inducere</em></span> <span class='ocrx_word' id='word_1_112' title='bbox 669 2637 906 2738; x_wconf 79' lang='lat' dir='ltr'><em>plerumque</em></span> <span class='ocrx_word' id='word_1_113' title='bbox 925 2636 1036 2734; x_wconf 90' lang='lat' dir='ltr'><em>solet</em></span> <span class='ocrx_word' id='word_1_114' title='bbox 1053 2635 1245 2712; x_wconf 82' lang='lat' dir='ltr'><em>nascentes</em></span> <span class='ocrx_word' id='word_1_115' title='bbox 1264 2653 1411 2737; x_wconf 67' lang='lat' dir='ltr'><em>poetas.</em></span> 
     </span>
     <span class='ocr_line' id='line_1_19' title="bbox 376 2763 1414 2865; baseline -0.003 -26"><span class='ocrx_word' id='word_1_116' title='bbox 376 2771 488 2840; x_wconf 79' lang='lat' dir='ltr'><em>otiu</em></span> <span class='ocrx_word' id='word_1_117' title='bbox 508 2764 659 2864; x_wconf 86' lang='lat' dir='ltr'><em>idylliis</em></span> <span class='ocrx_word' id='word_1_118' title='bbox 689 2765 906 2836; x_wconf 82' lang='lat' dir='ltr'><em>condendis</em></span> <span class='ocrx_word' id='word_1_119' title='bbox 935 2767 1086 2864; x_wconf 72' lang='lat' dir='ltr'><em>ingenii</em></span> <span class='ocrx_word' id='word_1_120' title='bbox 1101 2763 1329 2865; x_wconf 78' lang='lat' dir='ltr'><em>periculum</em></span> <span class='ocrx_word' id='word_1_121' title='bbox 1348 2763 1414 2861; x_wconf 86' lang='lat' dir='ltr'><em>so·</em></span> 
     </span>
     <span class='ocr_line' id='line_1_20' title="bbox 378 2891 1414 2987; baseline -0.005 -18"><span class='ocrx_word' id='word_1_122' title='bbox 378 2895 546 2987; x_wconf 77' lang='lat' dir='ltr'><em>ciant.*)</em></span> <span class='ocrx_word' id='word_1_123' title='bbox 619 2894 721 2968; x_wconf 90' lang='lat' dir='ltr'><em>Cum</em></span> <span class='ocrx_word' id='word_1_124' title='bbox 748 2891 991 2964; x_wconf 84' lang='lat' dir='ltr'><em>tabellarum</em></span> <span class='ocrx_word' id='word_1_125' title='bbox 1010 2894 1174 2984; x_wconf 78' lang='lat' dir='ltr'><em>hurum,</em></span> <span class='ocrx_word' id='word_1_126' title='bbox 1210 2909 1256 2963; x_wconf 79' lang='lat' dir='ltr'><em>vt</em></span> <span class='ocrx_word' id='word_1_127' title='bbox 1280 2897 1341 2965; x_wconf 86' lang='lat' dir='ltr'><em>ita</em></span> <span class='ocrx_word' id='word_1_128' title='bbox 1360 2893 1414 2964; x_wconf 88' lang='lat' dir='ltr'><em>di·</em></span> 
     </span>
    </p>
   </div>
   <div class='ocr_carea' id='block_1_3' title="bbox 293 3007 1418 3896">
    <p class='ocr_par' dir='ltr' id='par_1_3' title="bbox 293 3007 1418 3896">
     <span class='ocr_line' id='line_1_21' title="bbox 379 3007 1414 3122; baseline 0.002 -25"><span class='ocrx_word' id='word_1_129' title='bbox 379 3049 494 3103; x_wconf 85' lang='lat' dir='ltr'><em>com,</em></span> <span class='ocrx_word' id='word_1_130' title='bbox 522 3048 574 3095; x_wconf 79' lang='lat' dir='ltr'><em>ex</em></span> <span class='ocrx_word' id='word_1_131' title='bbox 590 3007 681 3092; x_wconf 83' lang='lat' dir='ltr'><em>vito</em></span> <span class='ocrx_word' id='word_1_132' title='bbox 695 3018 931 3120; x_wconf 82' lang='lat' dir='ltr'><em>pastoritio,</em></span> <span class='ocrx_word' id='word_1_133' title='bbox 963 3047 1068 3121; x_wconf 79' lang='lat' dir='ltr'><em>quoe</em></span> <span class='ocrx_word' id='word_1_134' title='bbox 1082 3022 1247 3122; x_wconf 85' lang='lat' dir='ltr'><em>placere</em></span> <span class='ocrx_word' id='word_1_135' title='bbox 1261 3019 1414 3122; x_wconf 68' lang='lat' dir='ltr'><em>poffinn</em></span> 
     </span>
     <span class='ocr_line' id='line_1_22' title="bbox 373 3144 1415 3252; baseline -0.002 -30"><span class='ocrx_word' id='word_1_136' title='bbox 373 3153 614 3252; x_wconf 76' lang='lat' dir='ltr'><em>pereciguus</em></span> <span class='ocrx_word' id='word_1_137' title='bbox 633 3144 690 3242; x_wconf 79' lang='lat' dir='ltr'><em>sit</em></span> <span class='ocrx_word' id='word_1_138' title='bbox 709 3175 895 3220; x_wconf 75' lang='lat' dir='ltr'><em>numerus</em></span> <span class='ocrx_word' id='word_1_139' title='bbox 901 3179 917 3235; x_wconf 87' lang='lat'><em>,·</em></span> <span class='ocrx_word' id='word_1_140' title='bbox 956 3149 1083 3220; x_wconf 91' lang='lat' dir='ltr'><em>multo</em></span> <span class='ocrx_word' id='word_1_141' title='bbox 1106 3149 1176 3221; x_wconf 89' lang='lat' dir='ltr'><em>ille</em></span> <span class='ocrx_word' id='word_1_142' title='bbox 1201 3155 1327 3223; x_wconf 83' lang='lat' dir='ltr'><em>etiam</em></span> <span class='ocrx_word' id='word_1_143' title='bbox 1350 3152 1415 3220; x_wconf 92' lang='lat' dir='ltr'><em>mi·</em></span> 
     </span>
     <span class='ocr_line' id='line_1_23' title="bbox 377 3273 1413 3380; baseline -0.002 -30"><span class='ocrx_word' id='word_1_144' title='bbox 377 3305 454 3350; x_wconf 90' lang='lat' dir='ltr'><em>nor</em></span> <span class='ocrx_word' id='word_1_145' title='bbox 470 3277 657 3373; x_wconf 83' lang='lat' dir='ltr'><em>futurus,</em></span> <span class='ocrx_word' id='word_1_146' title='bbox 702 3273 774 3370; x_wconf 80' lang='lat' dir='ltr'><em>nisi</em></span> <span class='ocrx_word' id='word_1_147' title='bbox 804 3304 826 3348; x_wconf 89' lang='lat' dir='ltr'><em>e</em></span> <span class='ocrx_word' id='word_1_148' title='bbox 845 3280 936 3348; x_wconf 83' lang='lat' dir='ltr'><em>vito</em></span> <span class='ocrx_word' id='word_1_149' title='bbox 955 3276 1092 3376; x_wconf 82' lang='lat' dir='ltr'><em>prisco</em></span> <span class='ocrx_word' id='word_1_150' title='bbox 1113 3293 1153 3349; x_wconf 89' lang='lat' dir='ltr'><em>et</em></span> <span class='ocrx_word' id='word_1_151' title='bbox 1174 3305 1225 3351; x_wconf 73' lang='lat' dir='ltr'><em>ex</em></span> <span class='ocrx_word' id='word_1_152' title='bbox 1252 3283 1413 3380; x_wconf 81' lang='lat' dir='ltr'><em>antiquo</em></span> 
     </span>
     <span class='ocr_line' id='line_1_24' title="bbox 367 3401 1416 3504; baseline 0 -28"><span class='ocrx_word' id='word_1_153' title='bbox 367 3405 558 3503; x_wconf 82' lang='lat' dir='ltr'><em>sermone</em></span> <span class='ocrx_word' id='word_1_154' title='bbox 578 3403 752 3500; x_wconf 84' lang='lat' dir='ltr'><em>mytlu&#39;co</em></span> <span class='ocrx_word' id='word_1_155' title='bbox 777 3403 907 3476; x_wconf 85' lang='lat' dir='ltr'><em>multo</em></span> <span class='ocrx_word' id='word_1_156' title='bbox 928 3408 970 3480; x_wconf 88' lang='lat' dir='ltr'><em>in</em></span> <span class='ocrx_word' id='word_1_157' title='bbox 993 3401 1249 3504; x_wconf 75' lang='lat' dir='ltr'><em>pastoricium</em></span> <span class='ocrx_word' id='word_1_158' title='bbox 1264 3405 1416 3504; x_wconf 90' lang='lat' dir='ltr'><em>sermo·</em></span> 
     </span>
     <span class='ocr_line' id='line_1_25' title="bbox 379 3525 1416 3632; baseline 0.002 -28"><span class='ocrx_word' id='word_1_159' title='bbox 379 3558 473 3604; x_wconf 86' lang='lat' dir='ltr'><em>nem</em></span> <span class='ocrx_word' id='word_1_160' title='bbox 492 3525 741 3632; x_wconf 80' lang='lat' dir='ltr'><em>migraffent:</em></span> <span class='ocrx_word' id='word_1_161' title='bbox 786 3532 949 3632; x_wconf 79' lang='lat' dir='ltr'><em>difficile</em></span> <span class='ocrx_word' id='word_1_162' title='bbox 969 3531 1024 3630; x_wconf 77' lang='lat' dir='ltr'><em>est</em></span> <span class='ocrx_word' id='word_1_163' title='bbox 1045 3533 1175 3604; x_wconf 86' lang='lat' dir='ltr'><em>multa</em></span> <span class='ocrx_word' id='word_1_164' title='bbox 1197 3531 1241 3606; x_wconf 85' lang='lat' dir='ltr'><em>in</em></span> <span class='ocrx_word' id='word_1_165' title='bbox 1262 3534 1324 3606; x_wconf 79' lang='lat' dir='ltr'><em>liis</em></span> <span class='ocrx_word' id='word_1_166' title='bbox 1347 3559 1416 3606; x_wconf 82' lang='lat' dir='ltr'><em>vu·</em></span> 
     </span>
     <span class='ocr_line' id='line_1_26' title="bbox 378 3657 1417 3764; baseline -0.002 -30"><span class='ocrx_word' id='word_1_167' title='bbox 378 3665 508 3738; x_wconf 80' lang='lat' dir='ltr'><em>riore,</em></span> <span class='ocrx_word' id='word_1_168' title='bbox 546 3675 593 3732; x_wconf 82' lang='lat' dir='ltr'><em>vt</em></span> <span class='ocrx_word' id='word_1_169' title='bbox 613 3685 687 3732; x_wconf 87' lang='lat' dir='ltr'><em>neo</em></span> <span class='ocrx_word' id='word_1_170' title='bbox 708 3678 845 3734; x_wconf 85' lang='lat' dir='ltr'><em>tamen</em></span> <span class='ocrx_word' id='word_1_171' title='bbox 868 3687 897 3734; x_wconf 86' lang='lat' dir='ltr'><em>u</em></span> <span class='ocrx_word' id='word_1_172' title='bbox 911 3657 1189 3761; x_wconf 81' lang='lat' dir='ltr'><em>simplicitate,</em></span> <span class='ocrx_word' id='word_1_173' title='bbox 1226 3659 1319 3756; x_wconf 81' lang='lat' dir='ltr'><em>sine</em></span> <span class='ocrx_word' id='word_1_174' title='bbox 1338 3687 1417 3764; x_wconf 84' lang='lat' dir='ltr'><em>quo</em></span> 
     </span>
     <span class='ocr_line' id='line_1_27' title="bbox 293 3786 1418 3896; baseline 0.002 -36"><span class='ocrx_word' id='word_1_175' title='bbox 293 3873 297 3888; x_wconf 40' lang='grc' dir='ltr'>Ι</span> <span class='ocrx_word' id='word_1_176' title='bbox 377 3786 455 3860; x_wconf 81' lang='lat' dir='ltr'><em>lioc</em></span> <span class='ocrx_word' id='word_1_177' title='bbox 466 3811 591 3890; x_wconf 76' lang='lat' dir='ltr'><em>genus</em></span> <span class='ocrx_word' id='word_1_178' title='bbox 607 3789 772 3889; x_wconf 82' lang='lat' dir='ltr'><em>placere</em></span> <span class='ocrx_word' id='word_1_179' title='bbox 786 3795 943 3892; x_wconf 82' lang='lat' dir='ltr'><em>nequit,</em></span> <span class='ocrx_word' id='word_1_180' title='bbox 974 3792 1148 3865; x_wconf 73' lang='lat' dir='ltr'><em>recedas.</em></span> <span class='ocrx_word' id='word_1_181' title='bbox 1203 3792 1282 3896; x_wconf 78' lang='lat' dir='ltr'><em>Qui</em></span> <span class='ocrx_word' id='word_1_182' title='bbox 1293 3793 1418 3892; x_wconf 79' lang='lat' dir='ltr'><em>primi</em></span> 
     </span>
    </p>
   </div>
   <div class='ocr_carea' id='block_1_4' title="bbox 376 3959 1419 4293">
    <p class='ocr_par' dir='ltr' id='par_1_4' title="bbox 376 3959 1419 4293">
     <span class='ocr_line' id='line_1_28' title="bbox 413 3959 1419 4039; baseline 0.005 -26"><span class='ocrx_word' id='word_1_183' title='bbox 413 3961 438 4024; x_wconf 77' lang='lat'><em>⁸)</em></span> <span class='ocrx_word' id='word_1_184' title='bbox 456 3959 529 4013; x_wconf 77' lang='lat' dir='ltr'><em>Hine</em></span> <span class='ocrx_word' id='word_1_185' title='bbox 545 3960 625 4014; x_wconf 74' lang='lat' dir='ltr'><em>etiam</em></span> <span class='ocrx_word' id='word_1_186' title='bbox 638 3961 666 4014; x_wconf 85' lang='lat' dir='ltr'><em>in</em></span> <span class='ocrx_word' id='word_1_187' title='bbox 680 3961 807 4020; x_wconf 72' lang='lat' dir='ltr'><em>bucolicis</em></span> <span class='ocrx_word' id='word_1_188' title='bbox 822 3981 877 4019; x_wconf 75' lang='lat' dir='ltr'><em>car·</em></span> <span class='ocrx_word' id='word_1_189' title='bbox 920 3965 972 4020; x_wconf 76' lang='lat' dir='ltr'><em>ciat</em></span> <span class='ocrx_word' id='word_1_190' title='bbox 997 3965 1091 4039; x_wconf 69' lang='lat' dir='ltr'><em>aliquis</em></span> <span class='ocrx_word' id='word_1_191' title='bbox 1122 3963 1237 4020; x_wconf 71' lang='lat' dir='ltr'><em>cerdon</em></span> <span class='ocrx_word' id='word_1_192' title='bbox 1259 3965 1300 4018; x_wconf 78' lang='lat' dir='ltr'><em>vel</em></span> <span class='ocrx_word' id='word_1_193' title='bbox 1321 3966 1419 4034; x_wconf 72' lang='lat' dir='ltr'><em>Many·</em></span> 
     </span>
     <span class='ocr_line' id='line_1_29' title="bbox 376 4043 1418 4124; baseline 0 -24"><span class='ocrx_word' id='word_1_194' title='bbox 376 4044 493 4100; x_wconf 81' lang='lat' dir='ltr'><em>minibu·</em></span> <span class='ocrx_word' id='word_1_195' title='bbox 520 4049 591 4114; x_wconf 72' lang='lat' dir='ltr'><em>apud</em></span> <span class='ocrx_word' id='word_1_196' title='bbox 619 4049 774 4122; x_wconf 67' lang='lat' dir='ltr'><em>interpretes</em></span> <span class='ocrx_word' id='word_1_197' title='bbox 804 4067 877 4106; x_wconf 73' lang='lat' dir='ltr'><em>tanta</em></span> <span class='ocrx_word' id='word_1_198' title='bbox 918 4069 984 4104; x_wconf 84' lang='lat' dir='ltr'><em>num</em></span> <span class='ocrx_word' id='word_1_199' title='bbox 996 4052 1055 4123; x_wconf 80' lang='lat' dir='ltr'><em>post</em></span> <span class='ocrx_word' id='word_1_200' title='bbox 1064 4043 1198 4105; x_wconf 81' lang='lat' dir='ltr'><em>Vrssnum.</em></span> <span class='ocrx_word' id='word_1_201' title='bbox 1217 4051 1349 4124; x_wconf 78' lang='lat' dir='ltr'><em>Equidem</em></span> <span class='ocrx_word' id='word_1_202' title='bbox 1363 4067 1418 4101; x_wconf 83' lang='lat' dir='ltr'><em>non</em></span> 
     </span>
     <span class='ocr_line' id='line_1_30' title="bbox 378 4131 1418 4212; baseline -0.002 -24"><span class='ocrx_word' id='word_1_203' title='bbox 378 4134 457 4205; x_wconf 75' lang='lat' dir='ltr'><em>eopia</em></span> <span class='ocrx_word' id='word_1_204' title='bbox 475 4131 596 4187; x_wconf 83' lang='lat' dir='ltr'><em>locomm</em></span> <span class='ocrx_word' id='word_1_205' title='bbox 616 4131 739 4191; x_wconf 82' lang='lat' dir='ltr'><em>fimilium</em></span> <span class='ocrx_word' id='word_1_206' title='bbox 757 4153 784 4192; x_wconf 82' lang='lat' dir='ltr'><em>et</em></span> <span class='ocrx_word' id='word_1_207' title='bbox 804 4157 876 4192; x_wconf 83' lang='lat' dir='ltr'><em>com·</em></span> <span class='ocrx_word' id='word_1_208' title='bbox 919 4135 968 4191; x_wconf 86' lang='lat' dir='ltr'><em>nili</em></span> <span class='ocrx_word' id='word_1_209' title='bbox 983 4155 1013 4191; x_wconf 78' lang='lat' dir='ltr'><em>ea</em></span> <span class='ocrx_word' id='word_1_210' title='bbox 1028 4137 1151 4210; x_wconf 75' lang='lat' dir='ltr'><em>apposui,</em></span> <span class='ocrx_word' id='word_1_211' title='bbox 1170 4155 1238 4212; x_wconf 80' lang='lat' dir='ltr'><em>quae</em></span> <span class='ocrx_word' id='word_1_212' title='bbox 1251 4151 1296 4189; x_wconf 73' lang='lat' dir='ltr'><em>aut</em></span> <span class='ocrx_word' id='word_1_213' title='bbox 1309 4135 1418 4188; x_wconf 75' lang='lat' dir='ltr'><em>Maroni</em></span> 
     </span>
     <span class='ocr_line' id='line_1_31' title="bbox 377 4218 1417 4293; baseline 0.003 -22"><span class='ocrx_word' id='word_1_214' title='bbox 377 4220 480 4293; x_wconf 75' lang='lat' dir='ltr'><em>paratio</em></span> <span class='ocrx_word' id='word_1_215' title='bbox 512 4218 652 4274; x_wconf 76' lang='lat' dir='ltr'><em>cnrundem</em></span> <span class='ocrx_word' id='word_1_216' title='bbox 689 4221 875 4280; x_wconf 74' lang='lat' dir='ltr'><em>sententiarum</em></span> <span class='ocrx_word' id='word_1_217' title='bbox 919 4239 980 4277; x_wconf 73' lang='lat' dir='ltr'><em>anto</em></span> <span class='ocrx_word' id='word_1_218' title='bbox 998 4223 1090 4276; x_wconf 77' lang='lat' dir='ltr'><em>oculos</em></span> <span class='ocrx_word' id='word_1_219' title='bbox 1110 4225 1182 4278; x_wconf 75' lang='lat' dir='ltr'><em>suere</em></span> <span class='ocrx_word' id='word_1_220' title='bbox 1206 4237 1251 4277; x_wconf 74' lang='lat' dir='ltr'><em>aut</em></span> <span class='ocrx_word' id='word_1_221' title='bbox 1266 4219 1417 4278; x_wconf 69' lang='lat' dir='ltr'><em>illustratio-</em></span> 
     </span>
    </p>
   </div>
   <div class='ocr_carea' id='block_1_5' title="bbox 250 4303 1277 4384">
    <p class='ocr_par' dir='ltr' id='par_1_5' title="bbox 250 4303 1277 4384">
     <span class='ocr_line' id='line_1_32' title="bbox 250 4303 1277 4384; baseline 0.004 -27"><span class='ocrx_word' id='word_1_222' title='bbox 250 4320 255 4338; x_wconf 72' lang='lat'><em>·</em></span> <span class='ocrx_word' id='word_1_223' title='bbox 377 4303 465 4360; x_wconf 70' lang='lat' dir='ltr'><em>affari</em></span> <span class='ocrx_word' id='word_1_224' title='bbox 487 4324 518 4361; x_wconf 75' lang='lat' dir='ltr'><em>ae</em></span> <span class='ocrx_word' id='word_1_225' title='bbox 537 4305 665 4362; x_wconf 74' lang='lat' dir='ltr'><em>cumulari</em></span> <span class='ocrx_word' id='word_1_226' title='bbox 682 4307 757 4364; x_wconf 78' lang='lat' dir='ltr'><em>tolet.</em></span> <span class='ocrx_word' id='word_1_227' title='bbox 792 4309 874 4384; x_wconf 76' lang='lat' dir='ltr'><em>inspi-</em></span> <span class='ocrx_word' id='word_1_228' title='bbox 916 4309 958 4365; x_wconf 71' lang='lat' dir='ltr'><em>nii</em></span> <span class='ocrx_word' id='word_1_229' title='bbox 972 4310 1025 4364; x_wconf 80' lang='lat' dir='ltr'><em>vim</em></span> <span class='ocrx_word' id='word_1_230' title='bbox 1046 4308 1143 4365; x_wconf 71' lang='lat' dir='ltr'><em>habire</em></span> <span class='ocrx_word' id='word_1_231' title='bbox 1163 4305 1277 4384; x_wconf 82' lang='lat' dir='ltr'><em>poffunt.</em></span> 
     </span>
    </p>
   </div>
   <div class='ocr_carea' id='block_1_6' title="bbox 0 0 1489 5067">
    <p class='ocr_par' dir='ltr' id='par_1_6' title="bbox 0 0 1489 5067">
     <span class='ocr_line' id='line_1_33' title="bbox 0 0 1489 5067; baseline 0 0"><span class='ocrx_word' id='word_1_232' title='bbox 0 0 1489 5067; x_wconf 95' lang='lat' dir='ltr'><em> </em></span> 
     </span>
    </p>
   </div>
  </div>
 </body>
</html>
