2942 5067
255 322 915 399 SEC·VNDAEED1T10NIS
1016 350 1173 405 xxxvrr

124 530 294 631 inprimis
323 543 454 601 tamen
474 528 668 601 Romanus
691 523 809 600 sermo
829 525 903 646 hac
923 546 1030 628 parte
1049 534 1170 613 multo

120 668 235 764 magis
260 658 433 755 laborat,
476 686 591 764 quam
622 662 767 737 Graeca
798 660 944 761 lingua,
991 672 1171 766 quoniam

120 800 168 873 ud
188 802 477 899 grammaticam
506 794 744 872 subtilitatem
775 794 887 870 serius
917 781 995 872 fuit'
1012 826 1170 881 reuoca·

120 956 177 1010 tur
197 952 237 1009 et
256 938 354 1035 quia
375 929 514 1007 seriore
535 954 653 1024 aeuo,
693 954 812 1033 equo
833 932 1015 1036 pleraque
1033 961 1170 1013 monu-

120 1087 243 1147 menta
275 1066 330 1141 ad
359 1090 432 1140 nos
463 1091 619 1159 venere,
661 1084 874 1167 temporum
893 1067 1170 1176 hominumque

123 1206 292 1283 barbarie
309 1200 381 1277 ille
397 1200 470 1275 fuit
487 1219 699 1303 corruptus.
749 1201 884 1277 Nullus
898 1208 1029 1306 itaque
1041 1227 1169 1287 reeta„
1192 1233 1195 1238 <
1353 1214 1358 1225 .

124 1368 167 1417 ao
183 1364 300 1415 verae
319 1340 480 1412 rationis
500 1334 641 1411 fundus
662 1332 714 1411 est
736 1332 819 1411 satio
839 1334 956 1431 fidus,
997 1337 1075 1417 stue
1090 1362 1169 1438 ety-

126 1500 222 1549 mum
242 1472 433 1577 sequaris,
470 1469 576 1573 quod
598 1468 722 1545 nullus
744 1470 908 1573 populun
928 1476 970 1546 in
992 1476 1167 1554 omnibus

130 1616 274 1701 retinet3
316 1604 400 1682 sure
425 1610 686 1681 auctoritatem
693 1634 703 1698 ;
748 1613 837 1681 riam
856 1611 1108 1708 antiquiorem
1126 1620 1169 1689 iu

129 1751 240 1821 uumie
261 1763 304 1821 et
316 1740 572 1816 marmoribus
585 1740 752 1817 videmus
767 1741 968 1832 fluctuare,
994 1742 1170 1823 seriorem

128 1902 245 1957 autem
263 1886 321 1955 ita
344 1880 641 1953 contaminatam
657 1875 748 1970 elie,
778 1897 818 1952 vt
831 1882 890 1952 vix
905 1874 1045 1953 habeas
1063 1882 1170 1982 quod

128 2016 284 2118 sequare.
361 2009 579 2088 Persuasum
601 2030 727 2088 tamen
753 2010 820 2087 fibi
848 2012 1016 2089 habuere
1038 2013 1171 2117 paffira

126 2158 187 2227 riri
205 2150 331 2241 docti,
379 2145 539 2248 priscam
570 2144 752 2223 scribendi
781 2154 967 2223 rationem
995 2157 1169 2227 reuocari

123 2284 219 2390 poiie
239 2302 308 2357 aut
332 2309 359 2357 a
382 2278 420 2357 se
439 2300 658 2375 reuocatam
677 2278 761 2357 effe.
812 2286 935 2357 Etiam
947 2286 1031 2361 Nic.
1051 2288 1171 2363 Heia:
1301 2372 1306 2384 ·

51 2523 52 2527 Ἴ
122 2424 188 2498 fius
216 2420 324 2495 inam
353 2416 514 2518 Virgilio
541 2415 845 2517 orthographiam
872 2416 1079 2497 restitutam
1098 2451 1170 2525 pu-

118 2559 217 2633 uhat
235 2548 424 2657 expreffa
438 2549 615 2652 scriptura
638 2550 780 2628 codicis
797 2551 974 2630 Medicei.
1027 2562 1172 2637 Verum

115 2716 328 2798 antequam
350 2686 396 2763 id
429 2684 646 2779 affirmares,
687 2685 907 2762 docendum
929 2710 1030 2783 erat,
1072 2693 1173 2771 hano

115 2831 343 2931 fflipturam
359 2818 436 2897 effe
452 2810 576 2896 reram
590 2820 691 2897 illam
708 2826 904 2922 antiquam
916 2824 1173 2925 Virgilianam.

110 2964 192 3041 Nih
210 2962 254 3038 id
275 2958 438 3050 feceris,
472 2956 550 3033 hoc
570 2984 686 3031 vnum
706 2954 943 3051 conceffero,
978 2956 1052 3035 effe
1073 2960 1174 3041 hano

109 3098 347 3201 scripturam
377 3098 457 3169 eius
487 3098 589 3185 aeui5
641 3119 719 3195 quo
752 3091 876 3169 codex
904 3090 956 3169 est
982 3116 1153 3175 exaratus
1161 3128 1173 3191 ς

107 3241 228 3337 atqui
249 3232 328 3307 fuit
351 3228 448 3303 illud
467 3228 514 3302 ab
541 3228 727 3329 Augusteo
756 3228 902 3306 saeculo
924 3228 1033 3307 valde
1049 3258 1174 3309 remo-

111 3389 205 3445 tum
226 3386 269 3443 et
288 3364 421 3440 multis
442 3364 617 3440 sermonis
636 3370 731 3439 vitiis
751 3367 1061 3441 contaminatum.
1103 3368 1176 3445 Di-

111 3526 186 3581 αι
215 3502 379 3603 aliquis,
426 3506 677 3602 antiquiorem
705 3496 832 3575 saltem
854 3498 1040 3575 scribendi
1061 3509 1175 3579 ratio-
1199 3540 1205 3551 ·
1260 3519 1264 3527 '

113 3666 219 3715 nem
237 3642 282 3712 in
303 3634 372 3710 illo
397 3634 529 3713 codice
547 3633 728 3713 seruatam
750 3632 836 3719 effe.
889 3639 1004 3736 Atqui
1027 3662 1078 3713 ne
1097 3633 1177 3738 hoo
1249 3623 1256 3633 ”

118 3774 291 3876 qualem
315 3770 400 3845 satis
420 3790 502 3847 tuto
516 3770 694 3863 affinnes3
723 3796 811 3845 nam
824 3772 1088 3872 Fragmentum
1103 3776 1177 3849 Va·

98 3914 322 4009 unm,
364 3906 472 4009 quod
499 3906 576 3983 hoc
596 3904 773 3983 Medieeo
796 3910 985 4008 antiquius
1006 3905 1176 4002 habetur,

130 4045 327 4146 vulgarem
353 4042 520 4121 nostram
540 4049 725 4121 rationem
746 4040 917 4133 exhibet,
937 4038 1179 4124 ”attrahere

139 4178 311 4279 illustris,
337 4178 552 4281 collapsus.
602 4182 793 4257 Romanus
809 4197 947 4269 autem,
973 4182 1039 4277 qui
1054 4196 1092 4253 et
1106 4176 1182 4279 ipse

330 4306 335 4316 ι

59 4410 61 4426 3
188 4318 339 4395 'foul
764 4342 786 4388 e
