2942 5067
264 410 581 490 secvnnau
611 412 921 529 anmoins
948 394 954 405 ‘
1020 432 1129 485 xm

80 616 207 720 quim
227 619 380 717 ingenii
397 640 560 693 acumen
580 634 618 692 et
635 594 811 717 poeticae
829 615 1039 717 elegantiae
1052 612 1131 689 sen·
1250 626 1255 633 ’

80 753 150 829 sum
169 750 468 857 deprehendere
487 750 581 824 mihi
598 749 763 843 viderer,
802 777 854 829 ne
877 747 988 853 quid,
1023 746 1132 853 qued

78 888 262 965 delectare
299 882 444 989 posset,
493 884 638 961 arbittis
663 884 798 961 harum
828 912 955 962 rerum
979 884 1129 961 inuide-
1165 942 1170 959 .

80 1050 167 1116 ren,
191 1048 273 1099 nec
293 1028 337 1096 in
361 1018 500 1097 callum
518 1040 578 1095 tot
594 1025 661 1094 viii
686 1020 793 1095 docti
813 1040 971 1098 conatum
986 1022 1130 1123 ingenii

81 1158 239 1235 reddere
258 1140 432 1261 liaterer.
483 1156 585 1248 Alia,
619 1180 718 1258 quae
739 1154 870 1230 frustra
894 1174 1039 1234 tentata
1053 1150 1131 1253 elle

81 1295 255 1387 viderem,
277 1292 413 1368 saltem
425 1292 619 1367 utilitatem
632 1290 726 1366 mihi
740 1287 1002 1392 praestiterunt
1016 1289 1127 1383 hanc,

86 1449 117 1503 tt
132 1428 331 1505 interdum
356 1428 562 1529 vulgatam,
599 1426 716 1503 medo
736 1430 1048 1528 interpretatione
1063 1424 1129 1498 ad-

85 1572 183 1656 iecta,
211 1588 310 1639 cum
332 1588 418 1638 eam
438 1588 461 1636 a
483 1563 598 1639 docto
619 1586 776 1665 quoque
801 1566 882 1636 viro
897 1561 998 1639 male
1017 1561 1127 1637 intel·

87 1698 206 1775 lectam
227 1696 424 1789 viderem,
453 1697 725 1790 illustrandam,
753 1697 872 1772 modo
886 1696 951 1772 vsu
973 1702 1127 1799 poetico

85 1834 231 1937 promte
286 1830 520 1907 firmandam·
557 1832 631 1909 elle
669 1832 945 1934 intelligetem.¹
1007 1832 1128 1909 Aliam

87 1968 280 2063 [nubelam
310 1986 420 2071 grato
454 1974 581 2043 animo
604 1973 779 2069 accepia
803 1971 895 2043 Viro
918 1965 1128 2046 doctiffimo

85 2104 222 2179 Iacobo
242 2106 430 2204 Bryant,
479 2108 545 2206 qui
572 2104 806 2179 humanitate
835 2121 875 2179 et
902 2128 1034 2179 amore
1061 2100 1127 2178 suo

85 2239 127 2316 ed
143 2265 261 2317 omne
280 2235 401 2314 officii
421 2265 540 2339 genua
555 2244 781 2341 prouocauit
800 2264 864 2317 me
870 2268 880 2331 ;
899 2237 1007 2315 'misit
1023 2238 1128 2315 idem

86 2375 127 2449 ad
145 2402 205 2451 me
231 2376 457 2449 Stricturae
481 2379 524 2447 in
548 2375 715 2479 Virgilii
740 2376 835 2449 loca
849 2402 907 2456 ¹ee
928 2402 1018 2453 eum
1038 2401 1128 2452 acu·

90 2515 177 2585 nine
197 2530 238 2585 et
259 2507 492 2610 perspicacia
517 2507 683 2609 scriptas,
708 2470 784 2602 vt,n
789 2514 831 2586 in
851 2511 978 2586 multis
1000 2516 1038 2586 ei
1060 2510 1127 2587 ad·

88 2644 330 2745 epulandum
347 2640 442 2736 effe,
477 2644 661 2736 viderem,
686 2650 727 2719 in
747 2646 846 2736 aliis,
877 2674 968 2723 cum
982 2645 1126 2723 iudicio

88 2804 162 2853 meo
182 2779 374 2854 dilectum
393 2776 569 2879 vsumque
590 2778 839 2881 relinqueret,
862 2786 978 2856 etiam
998 2806 1128 2855 meum

92 2918 274 3015 ingenium
323 2916 369 2987 in
408 2910 648 2989 defendentb
694 2932 811 3016 poeta
856 2915 1032 2990 aduersus
1070 2938 1126 3007 ea,

94 3074 178 3149 quae
201 3044 431 3150 reprehensa
455 3043 587 3140 essent,
625 3054 710 3123 acui
731 3048 918 3125 sentirem.
968 3052 1012 3125 In
1031 3048 1128 3124 mul-

90 3192 130 3258 tia
154 3184 342 3261 indicium
368 3186 435 3255 viti
459 3179 590 3257 subtile
609 3187 698 3259 iam
728 3190 769 3259 in
804 3189 933 3290 priore
959 3184 1130 3261 editione

93 3338 380 3410 mteuerteram3
430 3316 504 3391 alia
531 3342 635 3393 nunc
654 3318 808 3424 apposui
831 3320 1024 3427 praeclare
1049 3324 1127 3395 ani·
1274 3320 1278 3327 ’

96 3451 294 3529 naduersa
1031 3517 1042 3544 χ

172 3592 295 3663 Fuere
322 3588 394 3659 tiri
421 3583 542 3679 docti,
578 3590 646 3693 qui
677 3584 756 3665 liue
785 3584 860 3693 per'
885 3590 1026 3665 litteras
1051 3586 1129 3665 fine

97 3722 226 3827 [niptis
257 3719 367 3823 prelo
403 3719 574 3823 exprellie
607 3722 670 3799 seu
694 3730 840 3799 monita
878 3724 940 3802 seu
973 3724 1129 3807 consilia

100 3856 155 3933 seu
182 3834 419 3935 coniecturis
446 3860 489 3931 in
513 3858 710 3961 Uirgilium
741 3886 892 3937 mecum
921 3866 1130 3939 communi·

100 4012 237 4086 mrettt3
283 3997 325 4068 in
346 3992 403 4067 his
427 3998 486 4069 Io.
503 3994 625 4069 Henr.
654 3996 763 4071 Lud.
784 4000 998 4073 Meierotto
1024 4000 1067 4071 in
1086 3994 1132 4071 li·

104 4126 195 4205 tello
226 4154 343 4231 quem
367 4124 562 4231 inscripsit:
615 4132 681 4206 Dc
715 4131 830 4207 rebus
858 4136 918 4208 ad
948 4150 1131 4209 weteret

106 4267 290 4361 quosdam
313 4260 491 4370 elafflcos
509 4269 794 4371 pcrtinentibzis
818 4270 958 4347 Dubia
971 4308 1023 4331 ···
1039 4267 1132 4346 Otr.
