2942 5067
258 390 578 469 SECVNDAE
607 385 919 474 EDITIONIS
956 446 969 467 ι
1013 421 1130 475 xum

95 598 179 673 seto‘s
197 624 272 701 pro
294 596 438 688 laeuis,
472 622 624 671 caecus.
687 554 749 671 Ad
769 599 965 676 meliorem
984 624 1130 678 morem

92 739 256 808 reuocaui
275 733 499 832 saeptum,
517 730 687 833 saepstt,
705 733 931 831 saeculnm,
944 733 1127 834 frenum,

83 870 228 967 semina
251 888 294 944 et
307 868 429 965 fetus
445 890 469 939 a
482 866 573 965 feo,
597 866 733 947 letum,
761 863 967 968 obsecrant,
988 855 1125 971 cestui,

90 1003 264 1080 etsomraa
277 1000 491 1076 nonnullas
506 994 754 1103 antiquiorem,
774 1023 814 1077 rt
827 1010 908 1079 tris.
961 979 1127 1109 Scripta·

89 1166 153 1213 ram
169 1144 297 1241 quarti
323 1136 457 1227 cascar
489 1140 697 1217 iseter'set
719 1164 759 1212 es
776 1140 852 1215 vidi
872 1137 944 1217 esse
966 1160 1045 1217 tam
1068 1116 1126 1220 in·

90 1295 230 1367 certato,
256 1294 301 1349 rt
324 1272 475 1349 nollem
499 1278 699 1373 quicquam
715 1279 756 1349 in
778 1302 823 1350 ea
841 1302 1009 1381 mouere.
1045 1270 1124 1359 ‘Ve-

88 1436 155 1483 nno
175 1409 301 1513 pudet
325 1413 371 1483 in
395 1382 466 1483 his'
480 1432 634 1508 operam
657 1409 892 1506 consumerem
938 1440 1037 1517 quae
1058 1388 1123 1518 ap-

89 1544 190 1647 posui,
215 1572 265 1621 ea
288 1544 356 1621 de¹
368 1540 494 1619 caussa
517 1538 846 1638 monenda'suere‚
870 1567 908 1620 vt
926 1575 974 1622 ex
992 1550 1122 1628 caussis

92 1676 462 1755 ernnombus'haec
486 1673 691 1756 dir'stdicare
712 1680 852 1758 discant
872 1678 1038 1776 studiofi,
1064 1690 1122 1791 in

89 1819 341 1922 tdigantque,
387 1838 470 1887 non
496 1818 651 1889 omnino
675 1842 720 1890 ea
747 1815 821 1893 esse
843 1809 1122 1897 contemnenda

86 1982 146 2031 neo
162 1975 295 2028 tamen
319 1972 555 2048 magnopere
585 1951 896 2028 commendanda.

145 2090 266 2165 Multo
290 2087 479 2187 grauioris
501 2092 684 2161 momenti
705 2115 765 2164 rea
786 2090 880 2165 mihi
901 2089 971 2167 visa
993 2088 1045 2168 est
1063 2097 1121 2167 in·

85 2228 307 2327 tetpnnctiot
351 2246 430 2323 qua
446 2219 645 2295 emendata
659 2222 733 2297 tidi
749 2224 920 2302 sexcenta
938 2228 1024 2303 soca
1040 2254 1119 2305 me·

84 2363 146 2435 sins
163 2358 343 2438 constitui
367 2353 490 2457 posse,
516 2362 806 2460 necquicquam
819 2369 935 2465 magis
950 2363 997 2438 ab
1014 2372 1118 2441 omni

83 2504 216 2572 ratione
238 2514 280 2571 et
303 2490 463 2568 consilio
487 2490 650 2573 alienum
674 2494 765 2589 esse,
793 2523 907 2599 quam
924 2504 1119 2601 interpun·
1208 2578 1215 2592 ,

82 2632 181 2733 pendi
201 2636 400 2704 rationem
419 2631 461 2701 in
482 2630 753 2731 exemplaribus
771 2622 910 2735 scriptia
927 2654 966 2709 et
985 2639 1026 2708 in
1038 2636 1118 2737 ple·
1192 2726 1198 2733 ι

81 2776 194 2871 risque
216 2766 346 2842 editis.
396 2760 603 2839 ‘Librorum
624 2773 755 2870 itaque
777 2774 979 2844 auctoritas
999 2777 1040 2845 in
1061 2778 1118 2847 in

84 2906 343 3007 terpnnetione
364 2901 520 2973 omnino
544 2898 616 2977 esse
636 2900 760 3004 potest
775 2902 893 2976 nulla.
944 2908 1026 2981 Nec
1039 2932 1117 3011 ma·

81 3044 188 3116 iorem
219 3059 355 3112 tamen
387 3060 514 3110 curam
545 3056 611 3111 aut
639 3058 782 3114 certam
818 3042 1022 3134 rationem,
1066 3026 1116 3120 ad

77 3202 182 3279 quam
204 3179 539 3272 interpungerent,
579 3192 735 3249 tenuere
759 3172 933 3250 editores.
999 3156 1115 3280 Atqdi

75 3312 121 3385 ad
144 3310 372 3387 sententiam
394 3304 688 3382 constituendam
710 3329 750 3385 et
780 3308 1055 3412 expediendam
1073 3294 1113 3386 in

76 3448 241 3549 plurimis
269 3444 368 3519 locis
393 3468 507 3517 omne
535 3443 713 3519 auxilium
746 3444 797 3522 est
825 3471 873 3522 ex
897 3451 1114 3547 interpunc·
1170 3458 1175 3467 '

77 3590 195 3675 tione;
227 3600 269 3655 vt
292 3578 410 3653 altera
432 3596 604 3678 exparte
624 3578 765 3655 sensum
785 3582 878 3654 nihil
898 3588 1014 3681 magis
1036 3558 1112 3656 tur-

76 3718 137 3793 bnt
167 3740 287 3820 quam
322 3686 442 3817 praua
476 3717 750 3815 interpunctio:
804 3714 1113 3818 quandoquidem

76 3854 180 3929 huius
204 3856 302 3927 ratio
324 3870 364 3927 et
384 3830 886 3953 principiumquaerendum
902 3850 1008 3927 estin
1023 3852 1109 3947 hoc,

77 4010 108 4063 tt
134 4009 269 4065 exacte
298 3985 524 4088 respondeat
554 3986 618 4061 illa
632 4032 634 4041 ‚
648 3993 914 4090 enuntiationis
941 3990 1109 4089 partibus

80 4152 156 4199 cum
174 4108 382 4200 maioribus
398 4142 482 4197 tum
497 4124 720 4216 minoribus;
745 4150 821 4226 quo
840 4124 977 4199 eodem
989 4125 1107 4199 modo

79 4267 177 4337 etiarn
195 4254 462 4365 pronuntiatio
484 4276 650 4357 tegetum
684 4280 722 4336 vt
741 4260 839 4338 adeo
859 4240 973 4338 vnum
990 4260 1109 4335 ident-
