2942 5067
372 368 399 441 8
531 366 608 442 DE
644 364 909 443 CARMINE
943 365 1245 447 BVGOLICO

370 559 485 631 etiam
510 553 655 630 cultum
677 574 717 630 et
744 555 915 631 colorem
945 560 1026 633 eiua
1051 564 1167 650 vitae,
1206 557 1286 658 sed
1304 550 1408 631 facto

368 684 508 786 aliquo
529 680 767 785 enpreffum,
806 711 885 783 quo
916 681 1081 783 istorum
1099 688 1307 761 hominurn
1319 680 1408 781 stu?

370 814 462 893 dia,
511 810 665 911 officia,
709 816 906 893 rationes,
958 814 1189 919 affectiones
1224 813 1408 891 declara-

367 958 525 1021 rentur,
544 966 619 1041 per
631 938 836 1037 sermones
851 938 1015 1039 iliorum
1029 946 1238 1017 hominum
1252 936 1408 1036 interse

368 1066 719 1166 confabulantium
733 1072 786 1141 ita
804 1068 1022 1154 exhiberet,
1055 1092 1096 1148 vt
1115 1077 1231 1147 animi
1251 1067 1405 1143 audien·

366 1203 462 1273 tium
480 1194 647 1273 iucunda
668 1222 797 1271 rerum
820 1183 984 1299 imagine
1007 1220 1047 1276 et
1066 1206 1166 1277 vitae
1181 1200 1282 1275 istius
1302 1210 1405 1296 grata

366 1324 487 1427 specie
501 1324 575 1399 frui
590 1322 857 1420 viderenmr.‘)
913 1330 1020 1429 Capi
1035 1348 1173 1405 autem
1195 1347 1234 1403 et
1252 1320 1405 1400 demul-

365 1460 449 1527 ceri
471 1450 551 1550 illis
571 1454 838 1527 delinimentis
859 1459 989 1529 animi
1004 1486 1088 1532 non
1110 1455 1289 1560 possunt,
1331 1446 1403 1547 »fi

364 1582 417 1658 ab
442 1576 625 1655 urbanae
654 1586 768 1655 vitae
793 1585 896 1655 curis
933 1610 984 1657 ao
1019 1586 1207 1686 molestiis
1236 1580 1401 1658 auocati

363 1719 408 1788 in
436 1717 546 1815 agris
561 1708 751 1811 siluisque
777 1715 881 1784 inter
909 1740 1049 1817 greges
1079 1734 1119 1789 et
1144 1729 1333 1790 armenta
1362 1722 1400 1779 et

356 1844 514 1945 peeoris
541 1835 751 1941 magistros
783 1839 939 1939 versari
967 1843 1231 1927 uidebuntur,
1280 1858 1400 1941 atque

361 1972 403 2047 id
427 1968 619 2047 curabitur
647 1992 675 2039 a
699 1987 845 2067 poeta,
892 1988 934 2046 vt
959 1998 1011 2047 ne
1042 1974 1136 2076 quid
1164 1972 1291 2048 lubeat
1323 1972 1399 2042 ani·

360 2124 463 2191 mos,
502 2096 608 2198 quod
637 2093 860 2192 molestiam,
906 2106 1148 2194 tenuitatem,
1192 2128 1238 2177 ac
1272 2096 1397 2174 lonles

358 2226 460 2302 istius
476 2232 579 2301 vitae*
595 2230 637 2297 in
659 2233 882 2300 memoriam
898 2246 1074 2321 reuocet,
1107 2232 1291 2331 adeoque
1299 2228 1398 2326 sua·

357 2352 559 2455 urffirnam
595 2353 712 2424 illam
745 2355 957 2427 oculorum
975 2342 1294 2456 fascinationem
1313 2356 1396 2456 sol-

357 2502 454 2571 uat;
488 2508 574 2584 qua
589 2481 675 2582 ipsa
696 2483 748 2555 de
769 2480 904 2583 cauffo
915 2486 1083 2583 facttum
1107 2487 1179 2586 est,
1209 2505 1256 2561 ut
1276 2485 1395 2588 pallo·

357 2617 444 2687 titia
454 2616 611 2713 potius,
658 2636 784 2711 quam
805 2603 969 2684 oninino
995 2612 1144 2712 rustica
1167 2623 1278 2697 vita,
1326 2634 1395 2688 aut

355 2758 570 2814 aratorum
588 2756 629 2813 et
657 2766 755 2841 opus
775 2739 965 2838 rusticum
985 2744 1236 2841 facientium
1258 2746 1396 2819 condi·

353 2874 414 2943 tio
431 2874 475 2943 in
492 2870 570 2943 hoc
590 2874 770 2941 carmine
786 2868 1054 2953 exhiberetur,
1080 2899 1173 2945 cum
1191 2874 1292 2947 baec
1310 2879 1395 2977 qui·

356 3002 451 3073 dem
471 2998 614 3099 paullo
636 2998 728 3099 plus
755 2993 978 3099 offensionis
1003 3000 1187 3082 haberet,
1231 3030 1305 3077 neo
1324 3005 1394 3103 fa·

355 3129 432 3202 oile
455 3154 504 3201 ea
526 3124 713 3199 laborum
733 3126 894 3205 taedio,
919 3144 960 3199 et
980 3134 1111 3201 attriti
1132 3138 1309 3233 corporis
1330 3135 1393 3205 de·

344 3258 600 3357 fatigatione
619 3259 861 3355 omninoque
884 3262 1087 3329 aerumnis
1099 3258 1210 3357 suis,
1246 3280 1394 3361 poetae

355 3402 445 3461 arte
472 3400 510 3457 et
540 3387 700 3483 ingenio
732 3382 896 3456 liberari
918 3380 1054 3485 poffet.
1131 3388 1211 3460 Sed
1236 3388 1339 3463 haee
1365 3412 1393 3460 a

348 3514 490 3587 multis
515 3509 622 3610 satis
654 3510 866 3611 diligenter
885 3512 986 3611 sunt
1012 3534 1233 3616 praecepta
1262 3534 1303 3591 et
1335 3518 1392 3589 ad

349 3647 489 3746 prima
510 3640 625 3712 huius
644 3645 801 3741 generis
818 3643 1015 3717 elementa
1030 3649 1230 3743 pertinere
1246 3662 1390 3745 putan-

348 3770 537 3872 dosunt.
584 3771 729 3869 Itaque

346 3932 357 3943 -
385 3975 410 4042 ⁴>
430 3972 568 4048 Appellare
593 3971 655 4027 licet
678 3970 749 4026 hanc
776 3990 851 4045 argu-
892 3970 932 4025 val
945 3970 981 4025 lic
994 3990 1099 4027 carmen
1110 3973 1262 4029 bucolicum
1271 3992 1320 4047 pro
1333 3974 1389 4026 ‹lra-

351 4078 473 4118 mentum
492 4058 601 4134 aliquod
620 4056 750 4114 tractandi
771 4058 851 4111 ratio·
893 4057 970 4111 matie
992 4077 1086 4130 genere
1114 4060 1220 4123 haberi,
1258 4075 1305 4114 aut
1327 4054 1388 4113 indo

351 4170 416 4207 uem
428 4148 625 4207 dramaticum,
636 4145 764 4219 quoniam
778 4142 851 4197 aliud
894 4140 1003 4197 ductum
1017 4142 1083 4207 elle,
1112 4162 1232 4201 nuttam
1243 4146 1326 4199 mimo
1339 4144 1387 4196 So-

351 4254 461 4297 nomen,
484 4232 556 4309 quod
571 4233 652 4303 magia
665 4228 850 4285 accommoda·
893 4228 1012 4303 phronis.
1031 4232 1115 4285 multo
1127 4234 1214 4287 mium
1228 4251 1288 4285 cum
1302 4231 1386 4285 miuus

264 4378 266 4381 .
352 4338 410 4377 tum
419 4319 458 4383 fit,
475 4338 531 4373 non
544 4316 688 4382 bohemum
701 4336 752 4371 nec
763 4332 850 4371 tamen
894 4316 1088 4382 Romanorum,
1104 4320 1251 4391 comparari
1266 4316 1359 4391 potest.
