<?xml version="1.0" encoding="UTF-8"?>
<!DOCTYPE html PUBLIC "-//W3C//DTD XHTML 1.0 Transitional//EN"
    "http://www.w3.org/TR/xhtml1/DTD/xhtml1-transitional.dtd">
<html xmlns="http://www.w3.org/1999/xhtml" xml:lang="en" lang="en">
 <head>
  <title>
</title>
<meta http-equiv="Content-Type" content="text/html;charset=utf-8" />
  <meta name='ocr-system' content='tesseract 3.04.00' />
  <meta name='ocr-capabilities' content='ocr_page ocr_carea ocr_par ocr_line ocrx_word'/>
</head>
<body>
  <div class='ocr_page' id='page_1' title='image "./varietatelectio00heyngoog_0311.png"; bbox 0 0 2942 5067; ppageno 0'>
   <div class='ocr_carea' id='block_1_1' title="bbox 444 389 1163 496">
    <p class='ocr_par' dir='ltr' id='par_1_1' title="bbox 444 389 1163 496">
     <span class='ocr_line' id='line_1_1' title="bbox 444 389 1163 496; baseline 0.008 -31"><span class='ocrx_word' id='word_1_1' title='bbox 444 389 522 465; x_wconf 82' lang='lat' dir='ltr'><strong>an</strong></span> <span class='ocrx_word' id='word_1_2' title='bbox 555 389 855 466; x_wconf 79' lang='lat' dir='ltr'><strong>avcottct</strong></span> <span class='ocrx_word' id='word_1_3' title='bbox 1087 398 1163 496; x_wconf 74' lang='lat'><strong>237</strong></span> 
     </span>
    </p>
   </div>
   <div class='ocr_carea' id='block_1_2' title="bbox 25 554 1179 4375">
    <p class='ocr_par' dir='ltr' id='par_1_2' title="bbox 25 554 1162 867">
     <span class='ocr_line' id='line_1_2' title="bbox 116 554 1159 665; baseline 0.006 -28"><span class='ocrx_word' id='word_1_4' title='bbox 116 575 159 637; x_wconf 91' lang='lat' dir='ltr'><strong>ad</strong></span> <span class='ocrx_word' id='word_1_5' title='bbox 173 554 307 637; x_wconf 73' lang='lat' dir='ltr'><strong>carmina</strong></span> <span class='ocrx_word' id='word_1_6' title='bbox 320 571 372 637; x_wconf 86' lang='lat' dir='ltr'><strong>sua</strong></span> <span class='ocrx_word' id='word_1_7' title='bbox 385 576 546 639; x_wconf 63' lang='lat' dir='ltr'><strong>mutanda</strong></span> <span class='ocrx_word' id='word_1_8' title='bbox 559 598 627 639; x_wconf 88' lang='lat' dir='ltr'><strong>uon</strong></span> <span class='ocrx_word' id='word_1_9' title='bbox 640 574 697 639; x_wconf 83' lang='lat' dir='ltr'><strong>nist</strong></span> <span class='ocrx_word' id='word_1_10' title='bbox 714 580 830 639; x_wconf 84' lang='lat' dir='ltr'><strong>inuitus</strong></span> <span class='ocrx_word' id='word_1_11' title='bbox 850 576 987 647; x_wconf 83' lang='lat' dir='ltr'><strong>accedit:</strong></span> <span class='ocrx_word' id='word_1_12' title='bbox 1006 582 1112 665; x_wconf 86' lang='lat' dir='ltr'><strong>itaque</strong></span> <span class='ocrx_word' id='word_1_13' title='bbox 1128 588 1159 645; x_wconf 86' lang='lat' dir='ltr'><strong>vi</strong></span> 
     </span>
     <span class='ocr_line' id='line_1_3' title="bbox 25 678 1162 771; baseline 0.008 -33"><span class='ocrx_word' id='word_1_14' title='bbox 25 679 27 748; x_wconf 68' lang='grc' dir='ltr'>ζ</span> <span class='ocrx_word' id='word_1_15' title='bbox 116 694 235 761; x_wconf 78' lang='lat' dir='ltr'><strong>cogunt</strong></span> <span class='ocrx_word' id='word_1_16' title='bbox 257 700 328 740; x_wconf 85' lang='lat' dir='ltr'><strong>eum</strong></span> <span class='ocrx_word' id='word_1_17' title='bbox 343 680 456 763; x_wconf 77' lang='lat' dir='ltr'><strong>Satyri,</strong></span> <span class='ocrx_word' id='word_1_18' title='bbox 482 696 515 741; x_wconf 87' lang='lat' dir='ltr'><strong>vt</strong></span> <span class='ocrx_word' id='word_1_19' title='bbox 536 678 609 741; x_wconf 88' lang='lat' dir='ltr'><strong>alibi</strong></span> <span class='ocrx_word' id='word_1_20' title='bbox 630 683 770 742; x_wconf 82' lang='lat' dir='ltr'><strong>videmus</strong></span> <span class='ocrx_word' id='word_1_21' title='bbox 782 682 930 742; x_wconf 82' lang='lat' dir='ltr'><strong>Proteum</strong></span> <span class='ocrx_word' id='word_1_22' title='bbox 951 699 1005 742; x_wconf 89' lang='lat' dir='ltr'><strong>aut</strong></span> <span class='ocrx_word' id='word_1_23' title='bbox 1019 683 1162 771; x_wconf 75' lang='lat' dir='ltr'><strong>Pythiam</strong></span> 
     </span>
     <span class='ocr_line' id='line_1_4' title="bbox 25 781 1159 867; baseline 0.01 -27"><span class='ocrx_word' id='word_1_24' title='bbox 25 789 27 827; x_wconf 62' lang='grc' dir='ltr'><strong>ἲ</strong></span> <span class='ocrx_word' id='word_1_25' title='bbox 115 782 154 843; x_wconf 83' lang='lat' dir='ltr'><strong>ad</strong></span> <span class='ocrx_word' id='word_1_26' title='bbox 165 782 391 843; x_wconf 86' lang='lat' dir='ltr'><strong>vaticinantium</strong></span> <span class='ocrx_word' id='word_1_27' title='bbox 405 786 437 841; x_wconf 89' lang='lat' dir='ltr'><strong>vi</strong></span> <span class='ocrx_word' id='word_1_28' title='bbox 451 781 573 845; x_wconf 86' lang='lat' dir='ltr'><strong>admota</strong></span> <span class='ocrx_word' id='word_1_29' title='bbox 590 788 676 867; x_wconf 80' lang='lat' dir='ltr'><strong>cogi:</strong></span> <span class='ocrx_word' id='word_1_30' title='bbox 693 806 755 867; x_wconf 87' lang='lat' dir='ltr'><strong>qua</strong></span> <span class='ocrx_word' id='word_1_31' title='bbox 770 785 809 845; x_wconf 93' lang='lat' dir='ltr'><strong>de</strong></span> <span class='ocrx_word' id='word_1_32' title='bbox 823 803 857 843; x_wconf 88' lang='lat' dir='ltr'><strong>re</strong></span> <span class='ocrx_word' id='word_1_33' title='bbox 871 804 900 842; x_wconf 88' lang='lat' dir='ltr'><strong>v.</strong></span> <span class='ocrx_word' id='word_1_34' title='bbox 917 784 998 845; x_wconf 88' lang='lat' dir='ltr'><strong>dicta</strong></span> <span class='ocrx_word' id='word_1_35' title='bbox 1011 786 1098 846; x_wconf 84' lang='lat' dir='ltr'><strong>advs.</strong></span> <span class='ocrx_word' id='word_1_36' title='bbox 1108 790 1159 852; x_wconf 83' lang='lat'><strong>28.</strong></span> 
     </span>
    </p>

    <p class='ocr_par' dir='ltr' id='par_1_3' title="bbox 103 882 1160 1585">
     <span class='ocr_line' id='line_1_5' title="bbox 196 882 1160 974; baseline 0.006 -29"><span class='ocrx_word' id='word_1_37' title='bbox 196 882 346 965; x_wconf 82' lang='lat' dir='ltr'><strong>Adscripsr</strong></span> <span class='ocrx_word' id='word_1_38' title='bbox 360 882 438 945; x_wconf 89' lang='lat' dir='ltr'><strong>haec</strong></span> <span class='ocrx_word' id='word_1_39' title='bbox 452 889 485 945; x_wconf 89' lang='lat' dir='ltr'><strong>iu</strong></span> <span class='ocrx_word' id='word_1_40' title='bbox 500 882 596 945; x_wconf 89' lang='lat' dir='ltr'><strong>breue</strong></span> <span class='ocrx_word' id='word_1_41' title='bbox 611 886 741 947; x_wconf 85' lang='lat' dir='ltr'><strong>collecta</strong></span> <span class='ocrx_word' id='word_1_42' title='bbox 760 890 794 945; x_wconf 88' lang='lat' dir='ltr'><strong>in</strong></span> <span class='ocrx_word' id='word_1_43' title='bbox 809 907 919 947; x_wconf 87' lang='lat' dir='ltr'><strong>eorum</strong></span> <span class='ocrx_word' id='word_1_44' title='bbox 933 894 1073 969; x_wconf 77' lang='lat' dir='ltr'><strong>gratiam,</strong></span> <span class='ocrx_word' id='word_1_45' title='bbox 1090 896 1160 974; x_wconf 89' lang='lat' dir='ltr'><strong>qui·</strong></span> 
     </span>
     <span class='ocr_line' id='line_1_6' title="bbox 113 983 1156 1078; baseline 0.006 -31"><span class='ocrx_word' id='word_1_46' title='bbox 113 984 172 1047; x_wconf 74' lang='lat' dir='ltr'><strong>bna</strong></span> <span class='ocrx_word' id='word_1_47' title='bbox 191 983 270 1047; x_wconf 86' lang='lat' dir='ltr'><strong>haec</strong></span> <span class='ocrx_word' id='word_1_48' title='bbox 291 984 400 1069; x_wconf 81' lang='lat' dir='ltr'><strong>scripta</strong></span> <span class='ocrx_word' id='word_1_49' title='bbox 421 986 499 1049; x_wconf 87' lang='lat' dir='ltr'><strong>sunt.</strong></span> <span class='ocrx_word' id='word_1_50' title='bbox 550 988 646 1050; x_wconf 88' lang='lat' dir='ltr'><strong>Poeta</strong></span> <span class='ocrx_word' id='word_1_51' title='bbox 668 986 730 1050; x_wconf 90' lang='lat' dir='ltr'><strong>hoc</strong></span> <span class='ocrx_word' id='word_1_52' title='bbox 752 986 850 1068; x_wconf 87' lang='lat' dir='ltr'><strong>ipsunt</strong></span> <span class='ocrx_word' id='word_1_53' title='bbox 872 991 1066 1071; x_wconf 87' lang='lat' dir='ltr'><strong>inlepidum</strong></span> <span class='ocrx_word' id='word_1_54' title='bbox 1089 1016 1156 1078; x_wconf 81' lang='lat' dir='ltr'><strong>my-</strong></span> 
     </span>
     <span class='ocr_line' id='line_1_7' title="bbox 111 1078 1157 1175; baseline 0.009 -26"><span class='ocrx_word' id='word_1_55' title='bbox 111 1086 200 1149; x_wconf 84' lang='lat' dir='ltr'><strong>thum</strong></span> <span class='ocrx_word' id='word_1_56' title='bbox 215 1092 357 1161; x_wconf 88' lang='lat' dir='ltr'><strong>mutauit,</strong></span> <span class='ocrx_word' id='word_1_57' title='bbox 377 1110 448 1149; x_wconf 89' lang='lat' dir='ltr'><strong>cum</strong></span> <span class='ocrx_word' id='word_1_58' title='bbox 463 1106 567 1152; x_wconf 85' lang='lat' dir='ltr'><strong>narret</strong></span> <span class='ocrx_word' id='word_1_59' title='bbox 582 1078 705 1175; x_wconf 72' lang='lat' dir='ltr'><strong>S&#39;atyros</strong></span> <span class='ocrx_word' id='word_1_60' title='bbox 721 1090 796 1163; x_wconf 85' lang='lat' dir='ltr'><strong>duo,</strong></span> <span class='ocrx_word' id='word_1_61' title='bbox 818 1096 871 1173; x_wconf 91' lang='lat' dir='ltr'><strong>qui</strong></span> <span class='ocrx_word' id='word_1_62' title='bbox 888 1092 1006 1156; x_wconf 84' lang='lat' dir='ltr'><strong>dudunt</strong></span> <span class='ocrx_word' id='word_1_63' title='bbox 1021 1100 1157 1158; x_wconf 82' lang='lat' dir='ltr'><strong>carmina</strong></span> 
     </span>
     <span class='ocr_line' id='line_1_8' title="bbox 110 1190 1155 1275; baseline 0.005 -22"><span class='ocrx_word' id='word_1_64' title='bbox 110 1190 326 1274; x_wconf 55' lang='lat' dir='ltr'><strong>Quaerant</strong></span> <span class='ocrx_word' id='word_1_65' title='bbox 356 1210 374 1251; x_wconf 90' lang='lat' dir='ltr'><strong>a</strong></span> <span class='ocrx_word' id='word_1_66' title='bbox 395 1191 512 1266; x_wconf 85' lang='lat' dir='ltr'><strong>Sileno,</strong></span> <span class='ocrx_word' id='word_1_67' title='bbox 534 1198 566 1253; x_wconf 87' lang='lat' dir='ltr'><strong>vi</strong></span> <span class='ocrx_word' id='word_1_68' title='bbox 594 1194 720 1255; x_wconf 88' lang='lat' dir='ltr'><strong>tandem</strong></span> <span class='ocrx_word' id='word_1_69' title='bbox 736 1194 862 1275; x_wconf 84' lang='lat' dir='ltr'><strong>adigere</strong></span> <span class='ocrx_word' id='word_1_70' title='bbox 880 1216 952 1257; x_wconf 89' lang='lat' dir='ltr'><strong>eunt</strong></span> <span class='ocrx_word' id='word_1_71' title='bbox 972 1195 1099 1258; x_wconf 78' lang='lat' dir='ltr'><strong>voluisse</strong></span> <span class='ocrx_word' id='word_1_72' title='bbox 1122 1214 1155 1259; x_wconf 92' lang='lat' dir='ltr'><strong>vt</strong></span> 
     </span>
     <span class='ocr_line' id='line_1_9' title="bbox 110 1292 1149 1380; baseline 0.006 -25"><span class='ocrx_word' id='word_1_73' title='bbox 110 1309 254 1367; x_wconf 85' lang='lat' dir='ltr'><strong>caneret,</strong></span> <span class='ocrx_word' id='word_1_74' title='bbox 290 1296 439 1357; x_wconf 86' lang='lat' dir='ltr'><strong>adiutrice</strong></span> <span class='ocrx_word' id='word_1_75' title='bbox 458 1292 612 1380; x_wconf 83' lang='lat' dir='ltr'><strong>Nympha.</strong></span> <span class='ocrx_word' id='word_1_76' title='bbox 668 1296 763 1357; x_wconf 86' lang='lat' dir='ltr'><strong>Versa</strong></span> <span class='ocrx_word' id='word_1_77' title='bbox 784 1311 890 1358; x_wconf 88' lang='lat' dir='ltr'><strong>tamen</strong></span> <span class='ocrx_word' id='word_1_78' title='bbox 913 1319 962 1360; x_wconf 82' lang='lat' dir='ltr'><strong>res</strong></span> <span class='ocrx_word' id='word_1_79' title='bbox 984 1304 1018 1359; x_wconf 87' lang='lat' dir='ltr'><strong>in</strong></span> <span class='ocrx_word' id='word_1_80' title='bbox 1038 1299 1149 1375; x_wconf 86' lang='lat' dir='ltr'><strong>lusum,</strong></span> 
     </span>
     <span class='ocr_line' id='line_1_10' title="bbox 106 1398 1152 1484; baseline 0.008 -27"><span class='ocrx_word' id='word_1_81' title='bbox 106 1418 177 1457; x_wconf 83' lang='lat' dir='ltr'><strong>cum</strong></span> <span class='ocrx_word' id='word_1_82' title='bbox 198 1412 231 1460; x_wconf 91' lang='lat' dir='ltr'><strong>et</strong></span> <span class='ocrx_word' id='word_1_83' title='bbox 249 1400 371 1461; x_wconf 84' lang='lat' dir='ltr'><strong>corollis</strong></span> <span class='ocrx_word' id='word_1_84' title='bbox 399 1398 502 1461; x_wconf 89' lang='lat' dir='ltr'><strong>senem</strong></span> <span class='ocrx_word' id='word_1_85' title='bbox 530 1402 700 1474; x_wconf 82' lang='lat' dir='ltr'><strong>vincirent,</strong></span> <span class='ocrx_word' id='word_1_86' title='bbox 745 1414 779 1460; x_wconf 90' lang='lat' dir='ltr'><strong>et</strong></span> <span class='ocrx_word' id='word_1_87' title='bbox 803 1399 949 1484; x_wconf 83' lang='lat' dir='ltr'><strong>Nympha</strong></span> <span class='ocrx_word' id='word_1_88' title='bbox 977 1407 1152 1483; x_wconf 80' lang='lat' dir='ltr'>procaciter</span> 
     </span>
     <span class='ocr_line' id='line_1_11' title="bbox 103 1501 605 1585; baseline -0.002 -23"><span class='ocrx_word' id='word_1_89' title='bbox 103 1506 172 1569; x_wconf 73' lang='lat' dir='ltr'><strong>eius</strong></span> <span class='ocrx_word' id='word_1_90' title='bbox 188 1502 326 1563; x_wconf 77' lang='lat' dir='ltr'><strong>frontem</strong></span> <span class='ocrx_word' id='word_1_91' title='bbox 339 1501 436 1563; x_wconf 88' lang='lat' dir='ltr'><strong>rubro</strong></span> <span class='ocrx_word' id='word_1_92' title='bbox 452 1506 605 1585; x_wconf 83' lang='lat' dir='ltr'><strong>pingeret.</strong></span> 
     </span>
    </p>

    <p class='ocr_par' dir='ltr' id='par_1_4' title="bbox 95 1604 1179 2611">
     <span class='ocr_line' id='line_1_12' title="bbox 189 1604 1148 1689; baseline 0.005 -23"><span class='ocrx_word' id='word_1_93' title='bbox 189 1605 279 1667; x_wconf 90' lang='lat' dir='ltr'><strong>Inter</strong></span> <span class='ocrx_word' id='word_1_94' title='bbox 302 1622 484 1689; x_wconf 83' lang='lat' dir='ltr'><strong>argumenta</strong></span> <span class='ocrx_word' id='word_1_95' title='bbox 505 1626 636 1687; x_wconf 88' lang='lat' dir='ltr'><strong>operum</strong></span> <span class='ocrx_word' id='word_1_96' title='bbox 656 1608 856 1688; x_wconf 85' lang='lat' dir='ltr'><strong>antiquorum</strong></span> <span class='ocrx_word' id='word_1_97' title='bbox 877 1606 999 1667; x_wconf 85' lang='lat' dir='ltr'><strong>nullum</strong></span> <span class='ocrx_word' id='word_1_98' title='bbox 1024 1604 1068 1669; x_wconf 88' lang='lat' dir='ltr'><strong>est</strong></span> <span class='ocrx_word' id='word_1_99' title='bbox 1095 1630 1148 1671; x_wconf 86' lang='lat' dir='ltr'><strong>eo·</strong></span> 
     </span>
     <span class='ocr_line' id='line_1_13' title="bbox 102 1704 1146 1795; baseline 0.002 -26"><span class='ocrx_word' id='word_1_100' title='bbox 102 1704 218 1788; x_wconf 84' lang='lat' dir='ltr'><strong>piostus</strong></span> <span class='ocrx_word' id='word_1_101' title='bbox 248 1723 281 1769; x_wconf 89' lang='lat' dir='ltr'><strong>et</strong></span> <span class='ocrx_word' id='word_1_102' title='bbox 309 1710 495 1790; x_wconf 75' lang='lat' dir='ltr'><strong>locupletius</strong></span> <span class='ocrx_word' id='word_1_103' title='bbox 521 1706 676 1769; x_wconf 86' lang='lat' dir='ltr'><strong>Bacchicis</strong></span> <span class='ocrx_word' id='word_1_104' title='bbox 703 1712 797 1790; x_wconf 81' lang='lat' dir='ltr'><strong>orgiis</strong></span> <span class='ocrx_word' id='word_1_105' title='bbox 827 1723 858 1770; x_wconf 92' lang='lat' dir='ltr'><strong>et</strong></span> <span class='ocrx_word' id='word_1_106' title='bbox 879 1706 1001 1771; x_wconf 81' lang='lat' dir='ltr'><strong>lusibus.</strong></span> <span class='ocrx_word' id='word_1_107' title='bbox 1044 1711 1146 1795; x_wconf 80' lang='lat' dir='ltr'><strong>Satyri</strong></span> 
     </span>
     <span class='ocr_line' id='line_1_14' title="bbox 100 1808 1147 1897; baseline 0.003 -26"><span class='ocrx_word' id='word_1_108' title='bbox 100 1815 210 1895; x_wconf 87' lang='lat' dir='ltr'><strong>itaque</strong></span> <span class='ocrx_word' id='word_1_109' title='bbox 221 1812 385 1887; x_wconf 84' lang='lat' dir='ltr'><strong>ludentes,</strong></span> <span class='ocrx_word' id='word_1_110' title='bbox 406 1812 526 1873; x_wconf 83' lang='lat' dir='ltr'><strong>Silenus</strong></span> <span class='ocrx_word' id='word_1_111' title='bbox 542 1811 727 1871; x_wconf 86' lang='lat' dir='ltr'><strong>temulentus</strong></span> <span class='ocrx_word' id='word_1_112' title='bbox 744 1825 776 1870; x_wconf 89' lang='lat' dir='ltr'><strong>et</strong></span> <span class='ocrx_word' id='word_1_113' title='bbox 789 1808 938 1885; x_wconf 77' lang='lat' dir='ltr'><strong>Bacchae,</strong></span> <span class='ocrx_word' id='word_1_114' title='bbox 958 1810 990 1875; x_wconf 74' lang='lat' dir='ltr'><strong>lu</strong></span> <span class='ocrx_word' id='word_1_115' title='bbox 1004 1832 1033 1873; x_wconf 87' lang='lat' dir='ltr'><strong>e.</strong></span> <span class='ocrx_word' id='word_1_116' title='bbox 1048 1814 1147 1897; x_wconf 85' lang='lat' dir='ltr'><strong>Nym·</strong></span> 
     </span>
     <span class='ocr_line' id='line_1_15' title="bbox 98 1912 1146 1999; baseline 0.003 -26"><span class='ocrx_word' id='word_1_117' title='bbox 98 1912 185 1995; x_wconf 83' lang='lat' dir='ltr'><strong>pbae</strong></span> <span class='ocrx_word' id='word_1_118' title='bbox 202 1934 274 1975; x_wconf 88' lang='lat' dir='ltr'><strong>cum</strong></span> <span class='ocrx_word' id='word_1_119' title='bbox 289 1914 411 1977; x_wconf 89' lang='lat' dir='ltr'><strong>Baccho</strong></span> <span class='ocrx_word' id='word_1_120' title='bbox 427 1912 612 1976; x_wconf 74' lang='lat' dir='ltr'><strong>bacchantes</strong></span> <span class='ocrx_word' id='word_1_121' title='bbox 626 1912 696 1973; x_wconf 90' lang='lat' dir='ltr'><strong>sunt</strong></span> <span class='ocrx_word' id='word_1_122' title='bbox 708 1916 793 1973; x_wconf 87' lang='lat' dir='ltr'><strong>inter</strong></span> <span class='ocrx_word' id='word_1_123' title='bbox 810 1933 858 1985; x_wconf 88' lang='lat' dir='ltr'><strong>ea,</strong></span> <span class='ocrx_word' id='word_1_124' title='bbox 884 1918 920 1975; x_wconf 89' lang='lat' dir='ltr'><strong>iu</strong></span> <span class='ocrx_word' id='word_1_125' title='bbox 941 1914 1051 1999; x_wconf 80' lang='lat' dir='ltr'><strong>quibus</strong></span> <span class='ocrx_word' id='word_1_126' title='bbox 1075 1922 1146 1977; x_wconf 86' lang='lat' dir='ltr'><strong>arti·</strong></span> 
     </span>
     <span class='ocr_line' id='line_1_16' title="bbox 97 2015 1146 2101; baseline 0.003 -24"><span class='ocrx_word' id='word_1_127' title='bbox 97 2015 174 2077; x_wconf 79' lang='lat' dir='ltr'><strong>sices</strong></span> <span class='ocrx_word' id='word_1_128' title='bbox 187 2021 315 2101; x_wconf 79' lang='lat' dir='ltr'><strong>ingenia</strong></span> <span class='ocrx_word' id='word_1_129' title='bbox 328 2034 533 2079; x_wconf 84' lang='lat' dir='ltr'><strong>exercuerunt</strong></span> <span class='ocrx_word' id='word_1_130' title='bbox 547 2016 597 2077; x_wconf 86' lang='lat' dir='ltr'><strong>vel</strong></span> <span class='ocrx_word' id='word_1_131' title='bbox 612 2020 755 2077; x_wconf 81' lang='lat' dir='ltr'><strong>maxime.</strong></span> <span class='ocrx_word' id='word_1_132' title='bbox 797 2016 878 2078; x_wconf 87' lang='lat' dir='ltr'><strong>Sunt</strong></span> <span class='ocrx_word' id='word_1_133' title='bbox 898 2036 1025 2100; x_wconf 88' lang='lat' dir='ltr'><strong>quoque</strong></span> <span class='ocrx_word' id='word_1_134' title='bbox 1044 2021 1078 2077; x_wconf 90' lang='lat' dir='ltr'><strong>in</strong></span> <span class='ocrx_word' id='word_1_135' title='bbox 1098 2017 1146 2080; x_wconf 85' lang='lat' dir='ltr'><strong>his</strong></span> 
     </span>
     <span class='ocr_line' id='line_1_17' title="bbox 96 2114 1179 2203; baseline 0.001 -22"><span class='ocrx_word' id='word_1_136' title='bbox 96 2140 268 2203; x_wconf 84' lang='lat' dir='ltr'><strong>quaecum</strong></span> <span class='ocrx_word' id='word_1_137' title='bbox 282 2118 388 2187; x_wconf 83' lang='lat' dir='ltr'><strong>nollro</strong></span> <span class='ocrx_word' id='word_1_138' title='bbox 408 2125 544 2180; x_wconf 87' lang='lat' dir='ltr'><strong>carmine</strong></span> <span class='ocrx_word' id='word_1_139' title='bbox 562 2121 733 2200; x_wconf 84' lang='lat' dir='ltr'><strong>comparari</strong></span> <span class='ocrx_word' id='word_1_140' title='bbox 748 2114 871 2200; x_wconf 81' lang='lat' dir='ltr'><strong>poffiut.</strong></span> <span class='ocrx_word' id='word_1_141' title='bbox 915 2119 1037 2183; x_wconf 84' lang='lat' dir='ltr'><strong>Silenus</strong></span> <span class='ocrx_word' id='word_1_142' title='bbox 1057 2142 1146 2182; x_wconf 86' lang='lat' dir='ltr'><strong>recu·</strong></span> <span class='ocrx_word' id='word_1_143' title='bbox 1175 2150 1179 2158; x_wconf 94' lang='lat'>·</span> 
     </span>
     <span class='ocr_line' id='line_1_18' title="bbox 95 2220 1144 2306; baseline 0.002 -23"><span class='ocrx_word' id='word_1_144' title='bbox 95 2221 178 2283; x_wconf 85' lang='lat' dir='ltr'><strong>bans</strong></span> <span class='ocrx_word' id='word_1_145' title='bbox 193 2228 229 2283; x_wconf 87' lang='lat' dir='ltr'><strong>in</strong></span> <span class='ocrx_word' id='word_1_146' title='bbox 243 2224 326 2306; x_wconf 88' lang='lat' dir='ltr'><strong>pelle</strong></span> <span class='ocrx_word' id='word_1_147' title='bbox 343 2220 504 2297; x_wconf 82' lang='lat' dir='ltr'><strong>substrata,</strong></span> <span class='ocrx_word' id='word_1_148' title='bbox 530 2236 597 2284; x_wconf 91' lang='lat' dir='ltr'><strong>vtre</strong></span> <span class='ocrx_word' id='word_1_149' title='bbox 611 2226 675 2282; x_wconf 88' lang='lat' dir='ltr'><strong>vini</strong></span> <span class='ocrx_word' id='word_1_150' title='bbox 688 2222 785 2303; x_wconf 87' lang='lat' dir='ltr'><strong>pleno</strong></span> <span class='ocrx_word' id='word_1_151' title='bbox 801 2226 889 2283; x_wconf 82' lang='lat' dir='ltr'><strong>nixus</strong></span> <span class='ocrx_word' id='word_1_152' title='bbox 896 2265 907 2295; x_wconf 92' lang='lat'>,</span> <span class='ocrx_word' id='word_1_153' title='bbox 941 2221 1035 2285; x_wconf 87' lang='lat' dir='ltr'><strong>altera</strong></span> <span class='ocrx_word' id='word_1_154' title='bbox 1047 2244 1144 2285; x_wconf 83' lang='lat' dir='ltr'><strong>uranu</strong></span> 
     </span>
     <span class='ocr_line' id='line_1_19' title="bbox 96 2321 1144 2407; baseline 0.004 -22"><span class='ocrx_word' id='word_1_155' title='bbox 96 2324 284 2387; x_wconf 89' lang='lat' dir='ltr'><strong>cantharum</strong></span> <span class='ocrx_word' id='word_1_156' title='bbox 305 2325 460 2387; x_wconf 81' lang='lat' dir='ltr'><strong>inuersum</strong></span> <span class='ocrx_word' id='word_1_157' title='bbox 482 2341 591 2387; x_wconf 84' lang='lat' dir='ltr'><strong>teneus</strong></span> <span class='ocrx_word' id='word_1_158' title='bbox 622 2326 694 2407; x_wconf 88' lang='lat' dir='ltr'><strong>(qui</strong></span> <span class='ocrx_word' id='word_1_159' title='bbox 715 2338 820 2384; x_wconf 89' lang='lat' dir='ltr'><strong>tamen</strong></span> <span class='ocrx_word' id='word_1_160' title='bbox 843 2321 951 2386; x_wconf 85' lang='lat' dir='ltr'><strong>artifici</strong></span> <span class='ocrx_word' id='word_1_161' title='bbox 975 2329 1144 2389; x_wconf 79' lang='lat' dir='ltr'><strong>recentiori</strong></span> 
     </span>
     <span class='ocr_line' id='line_1_20' title="bbox 95 2425 1142 2506; baseline 0.007 -22"><span class='ocrx_word' id='word_1_162' title='bbox 95 2432 241 2491; x_wconf 73' lang='lat' dir='ltr'><strong>vitiatum</strong></span> <span class='ocrx_word' id='word_1_163' title='bbox 267 2449 405 2491; x_wconf 86' lang='lat' dir='ltr'><strong>marmor</strong></span> <span class='ocrx_word' id='word_1_164' title='bbox 428 2425 580 2489; x_wconf 83' lang='lat' dir='ltr'><strong>reficienti</strong></span> <span class='ocrx_word' id='word_1_165' title='bbox 606 2426 714 2488; x_wconf 86' lang='lat' dir='ltr'><strong>deberi</strong></span> <span class='ocrx_word' id='word_1_166' title='bbox 741 2426 888 2506; x_wconf 84' lang='lat' dir='ltr'><strong>videtur)</strong></span> <span class='ocrx_word' id='word_1_167' title='bbox 924 2431 959 2491; x_wconf 88' lang='lat' dir='ltr'><strong>in</strong></span> <span class='ocrx_word' id='word_1_168' title='bbox 983 2428 1056 2491; x_wconf 86' lang='lat' dir='ltr'><strong>villa</strong></span> <span class='ocrx_word' id='word_1_169' title='bbox 1080 2431 1142 2492; x_wconf 90' lang='lat' dir='ltr'><strong>Lu·</strong></span> 
     </span>
     <span class='ocr_line' id='line_1_21' title="bbox 97 2524 891 2611; baseline -0.005 -18"><span class='ocrx_word' id='word_1_170' title='bbox 97 2530 216 2593; x_wconf 86' lang='lat' dir='ltr'><strong>douifia</strong></span> <span class='ocrx_word' id='word_1_171' title='bbox 231 2530 335 2593; x_wconf 86' lang='lat' dir='ltr'><strong>visitur</strong></span> <span class='ocrx_word' id='word_1_172' title='bbox 345 2532 483 2605; x_wconf 84' lang='lat' dir='ltr'><strong>Romae,</strong></span> <span class='ocrx_word' id='word_1_173' title='bbox 504 2531 592 2593; x_wconf 87' lang='lat' dir='ltr'><strong>caelo</strong></span> <span class='ocrx_word' id='word_1_174' title='bbox 605 2526 713 2611; x_wconf 76' lang='lat' dir='ltr'><strong>pallini</strong></span> <span class='ocrx_word' id='word_1_175' title='bbox 727 2524 891 2610; x_wconf 75' lang='lat' dir='ltr'><strong>expressus.</strong></span> 
     </span>
    </p>

    <p class='ocr_par' dir='ltr' id='par_1_5' title="bbox 98 2632 1143 4375">
     <span class='ocr_line' id='line_1_22' title="bbox 182 2632 1143 2717; baseline 0.001 -22"><span class='ocrx_word' id='word_1_176' title='bbox 182 2633 235 2696; x_wconf 79' lang='lat' dir='ltr'><strong>list</strong></span> <span class='ocrx_word' id='word_1_177' title='bbox 248 2636 370 2696; x_wconf 87' lang='lat' dir='ltr'><strong>Silenus</strong></span> <span class='ocrx_word' id='word_1_178' title='bbox 383 2634 424 2694; x_wconf 89' lang='lat' dir='ltr'><strong>ad</strong></span> <span class='ocrx_word' id='word_1_179' title='bbox 438 2632 580 2695; x_wconf 88' lang='lat' dir='ltr'><strong>arborem</strong></span> <span class='ocrx_word' id='word_1_180' title='bbox 599 2636 772 2704; x_wconf 80' lang='lat' dir='ltr'><strong>reuinctus,</strong></span> <span class='ocrx_word' id='word_1_181' title='bbox 807 2632 917 2715; x_wconf 82' lang='lat' dir='ltr'><strong>Satyro</strong></span> <span class='ocrx_word' id='word_1_182' title='bbox 939 2653 975 2693; x_wconf 88' lang='lat' dir='ltr'><strong>ac</strong></span> <span class='ocrx_word' id='word_1_183' title='bbox 993 2632 1143 2717; x_wconf 82' lang='lat' dir='ltr'><strong>Nympha</strong></span> 
     </span>
     <span class='ocr_line' id='line_1_23' title="bbox 98 2734 1141 2819; baseline -0.004 -22"><span class='ocrx_word' id='word_1_184' title='bbox 98 2740 293 2798; x_wconf 78' lang='lat' dir='ltr'><strong>exorantium</strong></span> <span class='ocrx_word' id='word_1_185' title='bbox 315 2736 416 2819; x_wconf 87' lang='lat' dir='ltr'><strong>specie</strong></span> <span class='ocrx_word' id='word_1_186' title='bbox 441 2734 638 2810; x_wconf 77' lang='lat' dir='ltr'><strong>adstantibus,</strong></span> <span class='ocrx_word' id='word_1_187' title='bbox 660 2740 694 2796; x_wconf 92' lang='lat' dir='ltr'><strong>in</strong></span> <span class='ocrx_word' id='word_1_188' title='bbox 716 2754 838 2817; x_wconf 86' lang='lat' dir='ltr'><strong>gemma</strong></span> <span class='ocrx_word' id='word_1_189' title='bbox 853 2734 1003 2815; x_wconf 63' lang='lat' dir='ltr'><strong>Lapperti</strong></span> <span class='ocrx_word' id='word_1_190' title='bbox 1016 2736 1141 2817; x_wconf 77' lang='lat' dir='ltr'><strong>Dacty-</strong></span> 
     </span>
     <span class='ocr_line' id='line_1_24' title="bbox 100 2833 1142 2917; baseline -0.002 -17"><span class='ocrx_word' id='word_1_191' title='bbox 100 2840 295 2901; x_wconf 68' lang='lat' dir='ltr'><strong>tioruMitl.</strong></span> <span class='ocrx_word' id='word_1_192' title='bbox 317 2838 341 2914; x_wconf 87' lang='lat' dir='ltr'><strong>l,</strong></span> <span class='ocrx_word' id='word_1_193' title='bbox 363 2842 478 2914; x_wconf 84' lang='lat'>1,183.</span> <span class='ocrx_word' id='word_1_194' title='bbox 527 2840 607 2900; x_wconf 89' lang='lat' dir='ltr'><strong>Sunt</strong></span> <span class='ocrx_word' id='word_1_195' title='bbox 629 2838 688 2899; x_wconf 89' lang='lat' dir='ltr'><strong>alia</strong></span> <span class='ocrx_word' id='word_1_196' title='bbox 710 2836 794 2917; x_wconf 88' lang='lat' dir='ltr'><strong>apud</strong></span> <span class='ocrx_word' id='word_1_197' title='bbox 818 2833 928 2915; x_wconf 84' lang='lat' dir='ltr'><strong>Taffie.</strong></span> <span class='ocrx_word' id='word_1_198' title='bbox 971 2835 1142 2898; x_wconf 88' lang='lat' dir='ltr'><strong>Inuentum</strong></span> 
     </span>
     <span class='ocr_line' id='line_1_25' title="bbox 100 2928 1139 3025; baseline 0 -22"><span class='ocrx_word' id='word_1_199' title='bbox 100 2940 145 3003; x_wconf 82' lang='lat' dir='ltr'><strong>est</strong></span> <span class='ocrx_word' id='word_1_200' title='bbox 163 2964 265 3024; x_wconf 86' lang='lat' dir='ltr'><strong>nuper</strong></span> <span class='ocrx_word' id='word_1_201' title='bbox 285 2947 319 3004; x_wconf 88' lang='lat' dir='ltr'><strong>in</strong></span> <span class='ocrx_word' id='word_1_202' title='bbox 340 2940 451 3005; x_wconf 85' lang='lat' dir='ltr'><strong>finibus</strong></span> <span class='ocrx_word' id='word_1_203' title='bbox 465 2943 679 3025; x_wconf 82' lang='lat' dir='ltr'><strong>Neapolitanis</strong></span> <span class='ocrx_word' id='word_1_204' title='bbox 701 2937 921 3021; x_wconf 83' lang='lat' dir='ltr'><strong>anaglyphum,</strong></span> <span class='ocrx_word' id='word_1_205' title='bbox 947 2928 1088 3001; x_wconf 86' lang='lat' dir='ltr'><strong>Silenum</strong></span> <span class='ocrx_word' id='word_1_206' title='bbox 1104 2944 1139 3003; x_wconf 91' lang='lat' dir='ltr'><strong>in</strong></span> 
     </span>
     <span class='ocr_line' id='line_1_26' title="bbox 101 3038 1138 3130; baseline 0 -25"><span class='ocrx_word' id='word_1_207' title='bbox 101 3061 189 3107; x_wconf 85' lang='lat' dir='ltr'><strong>antro</strong></span> <span class='ocrx_word' id='word_1_208' title='bbox 206 3044 365 3109; x_wconf 83' lang='lat' dir='ltr'><strong>sedentem</strong></span> <span class='ocrx_word' id='word_1_209' title='bbox 386 3068 456 3107; x_wconf 88' lang='lat' dir='ltr'><strong>cum</strong></span> <span class='ocrx_word' id='word_1_210' title='bbox 473 3042 618 3130; x_wconf 83' lang='lat' dir='ltr'><strong>Nympha</strong></span> <span class='ocrx_word' id='word_1_211' title='bbox 636 3041 781 3103; x_wconf 81' lang='lat' dir='ltr'><strong>frondem</strong></span> <span class='ocrx_word' id='word_1_212' title='bbox 794 3041 847 3101; x_wconf 84' lang='lat' dir='ltr'><strong>seu</strong></span> <span class='ocrx_word' id='word_1_213' title='bbox 863 3039 1016 3103; x_wconf 86' lang='lat' dir='ltr'><strong>surculum</strong></span> <span class='ocrx_word' id='word_1_214' title='bbox 1037 3038 1138 3105; x_wconf 83' lang='lat' dir='ltr'><strong>osten·</strong></span> 
     </span>
     <span class='ocr_line' id='line_1_27' title="bbox 101 3142 1138 3233; baseline 0 -26"><span class='ocrx_word' id='word_1_215' title='bbox 101 3164 200 3224; x_wconf 82' lang='lat' dir='ltr'><strong>tante,</strong></span> <span class='ocrx_word' id='word_1_216' title='bbox 229 3147 394 3222; x_wconf 76' lang='lat' dir='ltr'><strong>exbibens,</strong></span> <span class='ocrx_word' id='word_1_217' title='bbox 427 3150 543 3233; x_wconf 86' lang='lat' dir='ltr'><strong>Satyris</strong></span> <span class='ocrx_word' id='word_1_218' title='bbox 564 3146 685 3208; x_wconf 90' lang='lat' dir='ltr'><strong>duobus</strong></span> <span class='ocrx_word' id='word_1_219' title='bbox 713 3142 947 3205; x_wconf 87' lang='lat' dir='ltr'><strong>auscultantium</strong></span> <span class='ocrx_word' id='word_1_220' title='bbox 970 3142 1138 3217; x_wconf 70' lang='lat' dir='ltr'><strong>similibust</strong></span> 
     </span>
     <span class='ocr_line' id='line_1_28' title="bbox 104 3244 1136 3331; baseline -0.002 -18"><span class='ocrx_word' id='word_1_221' title='bbox 104 3272 184 3331; x_wconf 84' lang='lat' dir='ltr'><strong>pone</strong></span> <span class='ocrx_word' id='word_1_222' title='bbox 200 3268 323 3315; x_wconf 85' lang='lat' dir='ltr'><strong>antrum</strong></span> <span class='ocrx_word' id='word_1_223' title='bbox 341 3252 439 3315; x_wconf 85' lang='lat' dir='ltr'><strong>Sileni</strong></span> <span class='ocrx_word' id='word_1_224' title='bbox 459 3250 565 3313; x_wconf 80' lang='lat' dir='ltr'><strong>asellus</strong></span> <span class='ocrx_word' id='word_1_225' title='bbox 588 3270 657 3311; x_wconf 88' lang='lat' dir='ltr'><strong>cum</strong></span> <span class='ocrx_word' id='word_1_226' title='bbox 675 3244 796 3309; x_wconf 85' lang='lat' dir='ltr'><strong>duobus</strong></span> <span class='ocrx_word' id='word_1_227' title='bbox 811 3248 925 3331; x_wconf 82' lang='lat' dir='ltr'><strong>Satyris</strong></span> <span class='ocrx_word' id='word_1_228' title='bbox 947 3245 1136 3311; x_wconf 82' lang='lat' dir='ltr'><strong>saltantibus.</strong></span> 
     </span>
     <span class='ocr_line' id='line_1_29' title="bbox 104 3348 1137 3441; baseline -0.003 -24"><span class='ocrx_word' id='word_1_229' title='bbox 104 3354 139 3417; x_wconf 88' lang='lat' dir='ltr'><strong>ld</strong></span> <span class='ocrx_word' id='word_1_230' title='bbox 159 3354 364 3441; x_wconf 81' lang='lat' dir='ltr'><strong>anaglyphum</strong></span> <span class='ocrx_word' id='word_1_231' title='bbox 390 3376 409 3416; x_wconf 88' lang='lat' dir='ltr'><strong>e</strong></span> <span class='ocrx_word' id='word_1_232' title='bbox 433 3350 539 3417; x_wconf 86' lang='lat' dir='ltr'><strong>nostro</strong></span> <span class='ocrx_word' id='word_1_233' title='bbox 566 3368 660 3434; x_wconf 87' lang='lat' dir='ltr'><strong>poeta</strong></span> <span class='ocrx_word' id='word_1_234' title='bbox 685 3348 902 3412; x_wconf 87' lang='lat' dir='ltr'><strong>adumbratum</strong></span> <span class='ocrx_word' id='word_1_235' title='bbox 929 3348 990 3411; x_wconf 84' lang='lat' dir='ltr'><strong>elle</strong></span> <span class='ocrx_word' id='word_1_236' title='bbox 1020 3352 1137 3414; x_wconf 85' lang='lat' dir='ltr'><strong>censuit</strong></span> 
     </span>
     <span class='ocr_line' id='line_1_30' title="bbox 106 3453 1137 3539; baseline 0.001 -23"><span class='ocrx_word' id='word_1_237' title='bbox 106 3458 211 3519; x_wconf 79' lang='lat' dir='ltr'><strong>Xaver.</strong></span> <span class='ocrx_word' id='word_1_238' title='bbox 239 3460 351 3521; x_wconf 86' lang='lat' dir='ltr'><strong>Mattei</strong></span> <span class='ocrx_word' id='word_1_239' title='bbox 364 3462 398 3521; x_wconf 91' lang='lat' dir='ltr'><strong>in</strong></span> <span class='ocrx_word' id='word_1_240' title='bbox 413 3456 479 3521; x_wconf 87' lang='lat' dir='ltr'><strong>diss.</strong></span> <span class='ocrx_word' id='word_1_241' title='bbox 501 3456 685 3537; x_wconf 77' lang='lat' dir='ltr'><strong>1759edita.</strong></span> <span class='ocrx_word' id='word_1_242' title='bbox 729 3453 911 3535; x_wconf 86' lang='lat' dir='ltr'><strong>Repetitum</strong></span> <span class='ocrx_word' id='word_1_243' title='bbox 926 3454 1137 3539; x_wconf 83' lang='lat' dir='ltr'><strong>anaglyphum</strong></span> 
     </span>
     <span class='ocr_line' id='line_1_31' title="bbox 107 3554 1136 3641; baseline -0.003 -20"><span class='ocrx_word' id='word_1_244' title='bbox 107 3580 206 3641; x_wconf 80' lang='lat' dir='ltr'><strong>parunt</strong></span> <span class='ocrx_word' id='word_1_245' title='bbox 227 3561 298 3623; x_wconf 91' lang='lat' dir='ltr'><strong>scite</strong></span> <span class='ocrx_word' id='word_1_246' title='bbox 318 3577 351 3625; x_wconf 90' lang='lat' dir='ltr'><strong>et</strong></span> <span class='ocrx_word' id='word_1_247' title='bbox 368 3556 484 3622; x_wconf 85' lang='lat' dir='ltr'><strong>affabre</strong></span> <span class='ocrx_word' id='word_1_248' title='bbox 498 3558 612 3620; x_wconf 85' lang='lat' dir='ltr'><strong>sactum</strong></span> <span class='ocrx_word' id='word_1_249' title='bbox 629 3572 661 3618; x_wconf 93' lang='lat' dir='ltr'><strong>et</strong></span> <span class='ocrx_word' id='word_1_250' title='bbox 674 3576 746 3617; x_wconf 89' lang='lat' dir='ltr'><strong>aere</strong></span> <span class='ocrx_word' id='word_1_251' title='bbox 761 3554 911 3638; x_wconf 88' lang='lat' dir='ltr'><strong>sculptum</strong></span> <span class='ocrx_word' id='word_1_252' title='bbox 925 3560 959 3617; x_wconf 89' lang='lat' dir='ltr'><strong>in</strong></span> <span class='ocrx_word' id='word_1_253' title='bbox 975 3558 1048 3619; x_wconf 88' lang='lat' dir='ltr'><strong>edit.</strong></span> <span class='ocrx_word' id='word_1_254' title='bbox 1064 3559 1136 3618; x_wconf 90' lang='lat' dir='ltr'><strong>Vir·</strong></span> 
     </span>
     <span class='ocr_line' id='line_1_32' title="bbox 107 3656 1135 3748; baseline -0.009 -21"><span class='ocrx_word' id='word_1_255' title='bbox 107 3664 390 3748; x_wconf 71' lang='lat' dir='ltr'><strong>gssiihtubrogiana.</strong></span> <span class='ocrx_word' id='word_1_256' title='bbox 434 3663 547 3725; x_wconf 88' lang='lat' dir='ltr'><strong>Similis</strong></span> <span class='ocrx_word' id='word_1_257' title='bbox 564 3661 630 3721; x_wconf 88' lang='lat' dir='ltr'><strong>sere</strong></span> <span class='ocrx_word' id='word_1_258' title='bbox 647 3664 820 3744; x_wconf 83' lang='lat' dir='ltr'><strong>argumenti</strong></span> <span class='ocrx_word' id='word_1_259' title='bbox 839 3659 924 3720; x_wconf 90' lang='lat' dir='ltr'><strong>aliud</strong></span> <span class='ocrx_word' id='word_1_260' title='bbox 944 3656 988 3721; x_wconf 82' lang='lat' dir='ltr'><strong>est</strong></span> <span class='ocrx_word' id='word_1_261' title='bbox 1009 3662 1135 3745; x_wconf 81' lang='lat' dir='ltr'><strong>anagly-</strong></span> 
     </span>
     <span class='ocr_line' id='line_1_33' title="bbox 108 3759 1134 3852; baseline -0.004 -26"><span class='ocrx_word' id='word_1_262' title='bbox 108 3764 204 3847; x_wconf 85' lang='lat' dir='ltr'><strong>phum,</strong></span> <span class='ocrx_word' id='word_1_263' title='bbox 231 3768 318 3852; x_wconf 88' lang='lat' dir='ltr'><strong>quod</strong></span> <span class='ocrx_word' id='word_1_264' title='bbox 346 3768 387 3829; x_wconf 91' lang='lat' dir='ltr'><strong>ad</strong></span> <span class='ocrx_word' id='word_1_265' title='bbox 415 3759 621 3844; x_wconf 66' lang='lat' dir='ltr'><strong>demissionis</strong></span> <span class='ocrx_word' id='word_1_266' title='bbox 652 3764 748 3825; x_wconf 82' lang='lat' dir='ltr'><strong>refert</strong></span> <span class='ocrx_word' id='word_1_267' title='bbox 773 3764 832 3824; x_wconf 85' lang='lat' dir='ltr'><strong>Vir</strong></span> <span class='ocrx_word' id='word_1_268' title='bbox 856 3762 966 3823; x_wconf 84' lang='lat' dir='ltr'><strong>doctus</strong></span> <span class='ocrx_word' id='word_1_269' title='bbox 991 3766 1025 3823; x_wconf 89' lang='lat' dir='ltr'><strong>in</strong></span> <span class='ocrx_word' id='word_1_270' title='bbox 1046 3764 1134 3841; x_wconf 71' lang='lat' dir='ltr'><strong>Dies.</strong></span> 
     </span>
     <span class='ocr_line' id='line_1_34' title="bbox 108 3862 1134 3945; baseline 0 -18"><span class='ocrx_word' id='word_1_271' title='bbox 108 3868 204 3935; x_wconf 75' lang='lat' dir='ltr'><strong>Aoad.</strong></span> <span class='ocrx_word' id='word_1_272' title='bbox 226 3868 433 3945; x_wconf 65' lang='lat' dir='ltr'><strong>Cortonenses</strong></span> <span class='ocrx_word' id='word_1_273' title='bbox 451 3872 512 3933; x_wconf 91' lang='lat' dir='ltr'><strong>To.</strong></span> <span class='ocrx_word' id='word_1_274' title='bbox 526 3869 551 3931; x_wconf 91' lang='lat' dir='ltr'><strong>l.</strong></span> <span class='ocrx_word' id='word_1_275' title='bbox 580 3866 647 3929; x_wconf 89' lang='lat' dir='ltr'><strong>diss.</strong></span> <span class='ocrx_word' id='word_1_276' title='bbox 671 3866 755 3927; x_wconf 85' lang='lat' dir='ltr'>v111.</span> <span class='ocrx_word' id='word_1_277' title='bbox 776 3866 859 3925; x_wconf 88' lang='lat' dir='ltr'><strong>aliud</strong></span> <span class='ocrx_word' id='word_1_278' title='bbox 880 3886 955 3926; x_wconf 88' lang='lat' dir='ltr'><strong>vero</strong></span> <span class='ocrx_word' id='word_1_279' title='bbox 975 3862 1134 3927; x_wconf 80' lang='lat' dir='ltr'><strong>manifeste</strong></span> 
     </span>
     <span class='ocr_line' id='line_1_35' title="bbox 108 3968 1134 4058; baseline -0.003 -23"><span class='ocrx_word' id='word_1_280' title='bbox 108 3970 269 4055; x_wconf 79' lang='lat' dir='ltr'><strong>express&#39;um</strong></span> <span class='ocrx_word' id='word_1_281' title='bbox 288 3996 308 4035; x_wconf 86' lang='lat' dir='ltr'><strong>e</strong></span> <span class='ocrx_word' id='word_1_282' title='bbox 328 3974 460 4058; x_wconf 79' lang='lat' dir='ltr'><strong>Virgilio</strong></span> <span class='ocrx_word' id='word_1_283' title='bbox 476 3992 613 4034; x_wconf 84' lang='lat' dir='ltr'><strong>mannor</strong></span> <span class='ocrx_word' id='word_1_284' title='bbox 624 3970 702 4033; x_wconf 82' lang='lat' dir='ltr'><strong>xv1</strong></span> <span class='ocrx_word' id='word_1_285' title='bbox 713 3968 828 4052; x_wconf 79' lang='lat' dir='ltr'><strong>figuris,</strong></span> <span class='ocrx_word' id='word_1_286' title='bbox 852 3971 935 4027; x_wconf 87' lang='lat' dir='ltr'><strong>iuter</strong></span> <span class='ocrx_word' id='word_1_287' title='bbox 946 3989 1022 4052; x_wconf 87' lang='lat' dir='ltr'><strong>quas</strong></span> <span class='ocrx_word' id='word_1_288' title='bbox 1036 3970 1134 4053; x_wconf 82' lang='lat' dir='ltr'><strong>Aegle</strong></span> 
     </span>
     <span class='ocr_line' id='line_1_36' title="bbox 105 4071 1130 4160; baseline -0.001 -24"><span class='ocrx_word' id='word_1_289' title='bbox 105 4080 227 4160; x_wconf 78' lang='lat' dir='ltr'><strong>pingens</strong></span> <span class='ocrx_word' id='word_1_290' title='bbox 250 4078 348 4139; x_wconf 85' lang='lat' dir='ltr'><strong>Sileni</strong></span> <span class='ocrx_word' id='word_1_291' title='bbox 368 4078 491 4150; x_wconf 79' lang='lat' dir='ltr'><strong>faciem,</strong></span> <span class='ocrx_word' id='word_1_292' title='bbox 520 4074 625 4139; x_wconf 77' lang='lat' dir='ltr'><strong>sisinn</strong></span> <span class='ocrx_word' id='word_1_293' title='bbox 644 4079 678 4135; x_wconf 88' lang='lat' dir='ltr'><strong>iu</strong></span> <span class='ocrx_word' id='word_1_294' title='bbox 696 4072 780 4133; x_wconf 81' lang='lat' dir='ltr'><strong>Villa</strong></span> <span class='ocrx_word' id='word_1_295' title='bbox 800 4071 966 4133; x_wconf 83' lang='lat' dir='ltr'><strong>Pembrolt.</strong></span> <span class='ocrx_word' id='word_1_296' title='bbox 997 4074 1130 4135; x_wconf 87' lang='lat' dir='ltr'><strong>Wiltou.</strong></span> 
     </span>
     <span class='ocr_line' id='line_1_37' title="bbox 101 4174 1134 4263; baseline -0.004 -24"><span class='ocrx_word' id='word_1_297' title='bbox 101 4176 156 4239; x_wconf 80' lang='lat' dir='ltr'><strong>lits</strong></span> <span class='ocrx_word' id='word_1_298' title='bbox 166 4180 308 4242; x_wconf 87' lang='lat' dir='ltr'><strong>nondum</strong></span> <span class='ocrx_word' id='word_1_299' title='bbox 321 4179 389 4243; x_wconf 84' lang='lat' dir='ltr'><strong>satis</strong></span> <span class='ocrx_word' id='word_1_300' title='bbox 403 4180 527 4243; x_wconf 75' lang='lat' dir='ltr'><strong>confido</strong></span> <span class='ocrx_word' id='word_1_301' title='bbox 538 4179 714 4263; x_wconf 86' lang='lat' dir='ltr'><strong>antiquitati</strong></span> <span class='ocrx_word' id='word_1_302' title='bbox 728 4174 839 4236; x_wconf 86' lang='lat' dir='ltr'><strong>borum</strong></span> <span class='ocrx_word' id='word_1_303' title='bbox 851 4180 1134 4253; x_wconf 67' lang='lat' dir='ltr'><strong>monimentorum</strong></span> 
     </span>
     <span class='ocr_line' id='line_1_38' title="bbox 101 4278 905 4375; baseline 0 -34"><span class='ocrx_word' id='word_1_304' title='bbox 101 4286 143 4341; x_wconf 79' lang='lat' dir='ltr'><strong>tir</strong></span> <span class='ocrx_word' id='word_1_305' title='bbox 157 4287 241 4345; x_wconf 84' lang='lat' dir='ltr'><strong>euim</strong></span> <span class='ocrx_word' id='word_1_306' title='bbox 256 4284 385 4349; x_wconf 74' lang='lat' dir='ltr'><strong>auficcs</strong></span> <span class='ocrx_word' id='word_1_307' title='bbox 400 4288 503 4375; x_wconf 79' lang='lat' dir='ltr'><strong>graeci</strong></span> <span class='ocrx_word' id='word_1_308' title='bbox 518 4283 681 4369; x_wconf 79' lang='lat' dir='ltr'><strong>Virgilium</strong></span> <span class='ocrx_word' id='word_1_309' title='bbox 702 4278 905 4345; x_wconf 85' lang='lat' dir='ltr'><strong>edidicerunt.</strong></span> 
     </span>
    </p>
   </div>
   <div class='ocr_carea' id='block_1_3' title="bbox 0 0 1476 5067">
    <p class='ocr_par' dir='ltr' id='par_1_6' title="bbox 0 0 1476 5067">
     <span class='ocr_line' id='line_1_39' title="bbox 0 0 1476 5067; baseline 0 0"><span class='ocrx_word' id='word_1_310' title='bbox 0 0 1476 5067; x_wconf 95' lang='lat' dir='ltr'><strong> </strong></span> 
     </span>
    </p>
   </div>
  </div>
 </body>
</html>
