2942 5067
219 352 568 483 onouoroon
599 384 767 495 itu-11,
784 396 1001 487 aaa-uno
1060 398 1148 515 rtn

115 558 223 673 Mille
246 592 372 683 Pado;
386 638 393 645 ·
405 588 485 667 nec¹
497 617 576 665 non
595 610 634 667 et
653 593 940 693 apesexamina
958 584 1131 662 condunt

117 728 409 827 Corticibueque
442 732 543 801 cauit
569 723 917 826 vitiosaequeilicis
944 722 1067 822 alueo.
1130 811 1134 819 ⁵

117 864 224 964 Quid
256 860 545 937 memorandum
578 885 700 961 aeque
715 857 910 944 ,Baccheia
935 856 1038 932 dona
1054 858 1157 964 tule-

716 990 850 1066 ¹runt?
1059 1050 1070 1075 ,

115 1118 285 1209 Baechus
316 1126 416 1206 etad
448 1120 598 1231 culpam
619 1122 756 1203 caulius
783 1124 906 1201 dedit:
945 1124 1011 1203 ille
1031 1124 1157 1201 iuren-

741 1258 789 1335 tie
1080 1256 1157 1346 455

119 1404 332 1477 Centauros
346 1395 425 1471 loto
447 1394 610 1487 domuit,
639 1393 905 1499 Rhoetumque
920 1395 1160 1498 Pholumque

193 1586 244 1652 45²
265 1588 416 1654 eeagmlne
435 1578 533 1632 Medic.
549 1593 564 1629 ι
580 1594 616 1629 nt.
630 1596 670 1649 pr.
739 1581 791 1647 453
810 1582 878 1634 aluo
899 1581 932 1635 ab
944 1580 1043 1635 Medic.
1058 1597 1085 1635 et
1100 1580 1158 1635 eliis

119 1669 247 1727 scribitur.
266 1668 317 1721 rid.
330 1668 420 1720 Burin.
488 1665 541 1731 454
558 1678 584 1715 et
605 1682 678 1734 quae
688 1664 720 1718 B.
742 1662 776 1717 eb
798 1664 855 1719 aliie
875 1666 942 1738 lagi,
974 1668 1003 1719 in
1023 1666 1156 1719 Seruianie

118 1772 237 1811 notetur.
306 1754 356 1821 455
378 1769 477 1823 cupam
499 1748 568 1822 apud
590 1742 677 1803 Lutal.
700 1749 733 1803 td
753 1752 819 1805 Stet.
843 1764 895 1805 vno
916 1751 993 1814 loco,
1026 1768 1054 1805 et
1073 1750 1157 1804 altero

121 1844 244 1913 antipam.
275 1858 298 1891 v.
327 1840 471 1891 Burmann.
529 1836 627 1903 culpat
653 1836 769 1890 Parthas.
798 1837 882 1890 Goth.
912 1856 952 1907 pr.
978 1854 1044 1889 rnue
1068 1834 1164 1890 Metd.

120 1929 174 1995 456
198 1924 337 1979 Rhoetum
369 1922 442 1977 scribi
477 1940 507 1975 ex
539 1922 696 1975 membranis
726 1923 858 1996 plerisque
891 1924 995 1976 notauit
1027 1918 1159 1976 Heinfiue.

120 2012 269 2068 Rhoetum
288 2028 319 2063 en
337 2006 501 2063 Callimacho
526 2007 569 2071 (in
588 2006 669 2059 Dian.
684 2016 753 2068 aar)
779 2026 906 2081 reponere
928 2007 1031 2061 volebat
1050 2008 1159 2070 Bieriue.

120 2098 269 2154 Rhoetum
290 2096 400 2167 gigantie
412 2112 512 2147 nomen
532 2089 595 2155 elle,
620 2093 761 2149 Rhoetum
775 2094 915 2157 Centauri,
940 2094 1086 2153 statuerunt
1099 2092 1160 2155 elii3

120 2276 199 2317 ram.
242 2250 342 2332 Mrffa
360 2248 468 2317 Pado,
496 2244 624 2309 immiss'a
665 2271 699 2311 ru
728 2250 825 2313 multa
853 2252 934 2314 adeo
961 2250 1042 2310 mela
1063 2244 1162 2312 affert

122 2362 159 2418 in
176 2373 300 2417 amnem
315 2355 355 2414 de
369 2350 540 2412 naualibus.
583 2352 624 2412 At
666 2354 752 2429 Hoc,
780 2369 812 2415 vt
826 2371 953 2437 poetam
972 2351 1120 2426 decebat,
1144 2370 1164 2413 a

121 2461 330 2527 Burmannus,
353 2460 385 2513 vt
405 2454 492 2513 alnue
511 2452 555 2513 ibl
570 2474 625 2513 na·
667 2458 805 2541 generali
827 2478 864 2519 ac
877 2459 962 2519 nuda
975 2459 1165 2519 enuntiatio·

123 2578 177 2623 tae
194 2561 415 2621 transferantur
430 2556 469 2615 ed
484 2556 557 2617 alias
576 2574 626 2618 re·
666 2581 708 2621 ne
725 2562 764 2621 ad
777 2562 850 2621 facti
871 2561 1044 2641 exemplum
1065 2558 1163 2619 dedu·

124 2668 255 2749 giones,
292 2676 345 2720 ·vt
383 2656 484 2718 ludia
523 2654 626 2719 mittit
667 2666 717 2723 cit.
758 2660 812 2721 ud
832 2664 974 2744 culpam,
1002 2660 1032 2723 h.
1054 2662 1094 2721 ad
1115 2660 1164 2720 lu·

124 2766 229 2832 ebur,
260 2762 376 2845 Georg.
401 2760 427 2834 1,
450 2764 502 2839 57,
539 2760 626 2844 quod
667 2780 763 2836 roret,
786 2764 826 2823 ad
840 2766 977 2825 facinora
991 2778 1023 2824 et
1036 2767 1165 2841 erimine

126 2870 265 2930 alienum
284 2882 302 2926 a
323 2866 404 2926 loco.
448 2848 627 2943 Exnrellum
669 2866 890 2928 committendo
905 2866 1044 2926 incendit
1064 2864 1166 2926 homi-

125 2967 190 3033 ess'e
230 2967 348 3030 versum
386 2986 404 3025 a
454 2964 626 3026 Claudlano
667 2988 744 3048 nes;
778 2973 886 3029 vtiam
902 2968 983 3029 bene
998 2970 1166 3027 Burmann.

125 3070 264 3144 XXXV,
285 3072 343 3151 178
365 3067 626 3150 miffitmqveRa·
668 3070 815 3153 expolitit.
871 3075 945 3150 456.
973 3071 1046 3130 vid.
1070 3069 1167 3129 Ouid.

124 3175 171 3237 do
188 3176 247 3259 qui
261 3175 404 3250 remigat
418 3172 545 3238 alaram,
563 3174 626 3229 ianr
667 3176 796 3235 Metam.
810 3172 882 3247 ΧΠ,
899 3193 962 3234 aro
976 3172 1041 3257 sqq.
1096 3172 1166 3234 Atia

125 3281 180 3341 elii
195 3290 352 3340 notarunt.
395 3275 468 3352 455.
490 3274 626 3331 Cortice*-
669 3298 719 3359 ap.
746 3277 888 3338 cardam.
918 3276 988 3337 add.
1017 3276 1166 3357 Apollod.

125 3380 190 3442 brt-r
217 3382 327 3447 courir,
360 3380 446 3441 intre.
467 3380 623 3449 corticem,
667 3380 715 3452 II,
737 3382 820 3459 5,'4
850 3396 882 3441 et
902 3381 1001 3441 Notas
1024 3379 1064 3439 ad
1086 3399 1115 3441 e.
1142 3378 1166 3440 l.

126 3499 160 3546 et
178 3482 258 3545 adeo
279 3485 360 3543 intra
383 3494 508 3541 truncos
532 3498 625 3539 cauae
667 3483 787 3555 Habuit
815 3480 919 3544 noller
953 3496 1025 3542 ante
1058 3479 1166 3578 oculor

126 3585 284 3649 arborum.
669 3582 775 3669 Odyss‘.
798 3590 843 3665 φ,
867 3587 929 3665 295
953 3583 1017 3666 sqq.
1087 3583 1169 3678 Cum
1284 3664 1288 3673 ι

158 3752 161 3757 .
192 3692 266 3767 454.
293 3686 369 3765 455.
399 3684 560 3745 Sotionem
579 3680 626 3745 lil-
668 3708 718 3770 ap.
744 3688 838 3749 Ouid.
871 3687 892 3748 l.
920 3689 940 3747 l.
960 3686 1108 3747 Rhaetica
1134 3700 1168 3747 et

126 3810 235 3853 verum
256 3788 382 3850 suadere
407 3802 534 3869 poetam
562 3806 627 3849 nte·
669 3790 793 3851 Pholus
815 3810 883 3852 non
900 3786 989 3851 occifi
1012 3789 1064 3849 sed
1081 3790 1169 3875 fuga·

125 3896 255 3955 mineris
271 3912 308 3952 ex
325 3914 353 3953 v.
370 3892 444 3970 455.
480 3890 545 3951 Tot
559 3905 628 3951 tan·
671 3898 694 3955 ti
718 3908 947 3970 memorentur,
994 3892 1148 3951 Martinus
1155 3932 1167 3965 ,

127 4000 231 4078 tieque
245 3993 423 4055 vtilitatihua
434 3994 565 4053 multum
578 4014 628 4055 ce·
671 3998 764 4059 alium
780 3996 906 4058 doctum
920 3977 1114 4055 Britannum*
1124 3992 1170 4053 le·

127 4100 209 4162 dunt
223 4098 339 4159 linctus
354 4100 524 4171 vinearum,
548 4117 628 4179 quae
670 4117 794 4184 quatur,
816 4096 939 4181 copiose
957 4094 1094 4169 adstruit,
1102 4096 1169 4177 sn-

127 4216 321 4265 lamentam
335 4194 480 4259 ell'rduarn
501 4220 628 4282 operam
670 4220 781 4265 rentes
803 4204 869 4262 leto
886 4200 1078 4284 iungendum
1097 4193 1169 4270 elle,

127 4308 277 4391 exiguum
306 4306 384 4391 quin
404 4322 508 4366 aarum
530 4302 629 4365 tultu-
652 4326 736 4381 ⁴non
751 4306 880 4395 domuit
903 4304 979 4365 leto.
1020 4303 1062 4363 At
1083 4286 1167 4396 ethim
