2942 5067
336 438 413 516 710
565 403 877 487 a-vmettn
905 408 1168 488 Mtaoms

340 597 530 717 Pandere,
555 625 632 702 quo
651 597 856 700 quemodo
872 595 1074 702 caefisliam
1088 595 1196 700 saepe
1207 603 1380 676 iuuencis

334 735 550 813 tntincerus
567 759 656 836 apes
671 735 798 809 tulerit
813 761 937 810 cruor.
975 732 1093 806 Altius
1108 756 1262 808 omnem
1290 735 1381 810 285

341 871 549 973 Expediam
572 875 692 970 prima
719 889 895 971 repetens
922 868 969 962 ab
992 873 1135 970 origine
1155 867 1305 943 famam.

341 1013 440 1085 Nam
464 1029 540 1108 qua
559 1003 700 1080 Pellaei
723 1030 817 1106 gens
842 981 1041 1079 fortunata
1060 1006 1208 1103 Canopi

413 1209 467 1274 284
483 1203 571 1276 caesar
592 1213 652 1259 iam
667 1167 756 1279 sorte
784 1214 804 1260 i.
830 1221 870 1278 pr.
892 1205 990 1260 Moror.
1025 1251 1027 1256 .
1067 1205 1119 1260 286
1133 1211 1232 1277 patria
1254 1219 1383 1276 repetem

341 1293 410 1345 Van.
445 1301 566 1362 primam
585 1293 672 1346 Goth.
686 1307 726 1364 pt.
802 1293 853 1360 287
871 1293 947 1345 Nam
967 1307 1052 1358 qnam
1072 1289 1173 1344 Medic.
1214 1307 1287 1361 qnae
1305 1283 1382 1364 (iufl-

339 1379 442 1443 Pouet,
455 1379 545 1441 Pelei,
557 1377 650 1442 Pelet,
661 1377 793 1432 nonnulli.
817 1379 906 1434 Penei
918 1379 1008 1432 Franc.
1033 1373 1079 1430 Est
1092 1380 1197 1440 nam,
1214 1379 1364 1434 limiae.

341 1559 429 1603 nunc
455 1533 574 1599 Ecltltel
601 1541 697 1599 Numi
716 1557 779 1604 vet.
807 1561 839 1624 p.
882 1533 943 1599 effe
961 1541 1027 1600 eina
1044 1534 1154 1620 apibus
1167 1550 1299 1619 prepter
1312 1552 1383 1600 ten·

345 1643 417 1707 108.
455 1655 488 1702 et
520 1643 673 1703 Doctrina
708 1643 839 1704 Numer.
881 1649 978 1700 taram
998 1639 1037 1701 ab
1054 1639 1292 1737 eo4linrydicen,
1319 1641 1383 1700 Or·

341 1759 403 1808 vet.
417 1743 452 1804 P.
464 1735 506 1817 11,
522 1765 554 1826 p.
568 1746 632 1808 326
657 1743 696 1805 ad
710 1757 840 1804 numum
880 1741 955 1824 phei
977 1746 1160 1826 coniugem
1192 1743 1382 1822 expiandum
1396 1772 1401 1779 ·

341 1849 437 1910 Ceae.
495 1848 578 1908 Sane
602 1862 635 1906 et
660 1845 724 1928 ipse
748 1848 839 1908 Maro
881 1840 942 1905 effe
962 1843 1112 1928 flagitium
1134 1859 1165 1907 et
1192 1845 1383 1926 placandam

341 1953 422 2012 infra
444 1969 473 2010 v.
494 1953 557 2027 317
580 1947 643 2030 sqq.
692 1948 839 2034 Cyrenen
880 1946 1096 2031 Nympharum
1138 1952 1224 2008 iram.
1293 1951 1384 2010 Turn

340 2057 376 2115 in
395 2049 547 2114 Thess'alia
570 2051 750 2126 collocauit,
781 2051 839 2114 Pe·
880 2047 1031 2111 Aristaeus
1057 2053 1092 2109 in
1116 2046 1301 2111 Thell'aliam
1334 2071 1383 2114 re·

339 2159 395 2218 nei
425 2159 520 2237 patria
549 2169 637 2215 antra
663 2153 839 2217 inhabitant·
881 2151 942 2212 dux
975 2151 1093 2214 sacrum
1126 2167 1228 2232 parat,
1275 2153 1381 2215 caesas

340 2273 416 2331 tem,
437 2255 535 2337 ipsum
551 2273 655 2317 antem
668 2253 838 2318 Aristaeum
879 2253 1031 2340 Nymphis
1049 2257 1184 2314 victimae
1198 2258 1233 2316 itt
1246 2270 1382 2317 nemore

338 2361 462 2438 Tempe
497 2355 657 2419 incoluill'e
690 2359 850 2444 fignificat,
879 2359 1000 2420 relictas
1023 2357 1131 2439 paullo
1145 2355 1214 2440 post
1228 2348 1379 2432 renisam,

338 2482 368 2522 v.
389 2464 464 2540 317.
515 2462 586 2540 284.
615 2461 656 2522 Et
676 2464 836 2546 quomodo
880 2481 973 2542 apum
995 2465 1135 2521 examina
1157 2479 1195 2520 ex
1211 2457 1379 2522 visceribus

337 2566 402 2624 iam
439 2562 530 2644 saepe
569 2561 660 2624 caelis
697 2569 837 2629 inuencls
878 2579 1030 2648 prognata
1053 2561 1146 2622 videt.
1212 2635 1225 2648 ·

339 2685 441 2726 cruor
457 2664 646 2741 insincerus,
673 2684 836 2750 corruptus
943 2667 1005 2746 287
1020 2699 1064 2712 --
1080 2665 1151 2746 293.
1196 2663 1226 2726 h.
1249 2685 1311 2748 per
1324 2681 1377 2730 to·

291 2817 300 2836 .
337 2789 377 2831 et
393 2769 577 2850 putredine,
602 2767 734 2839 tulerit,
762 2790 836 2853 pro·
877 2781 939 2827 tam
970 2769 1156 2851 Aegyptum.
1221 2769 1379 2851 Interpre-

336 2871 460 2944 tulerit,
519 2875 692 2954 generarit,
747 2891 834 2955 apes.
877 2882 944 2930 tum
999 2868 1202 2932 aestuantium
1244 2889 1376 2934 oonatns

339 2975 413 3036 286.
442 2991 573 3034 omnem
590 2975 746 3056 famam,
787 2980 834 3037 rei
877 2992 1121 3036 commemorare
1162 2973 1208 3036 nil
1256 2981 1376 3036 attinet.

334 3079 537 3150 memoriam,
613 3081 833 3138 narrationem.
874 3073 1043 3136 Videamus
1096 3073 1226 3160 lingula.
1291 3096 1376 3157 geas
1469 3079 1470 3116 l

336 3177 490 3239 Ordinem
515 3191 618 3238 antem
648 3183 833 3242 narrationis
867 3177 1070 3259 fortunata,
1115 3193 1258 3240 aterrae
1279 3179 1374 3240 felini·
1468 3184 1469 3217 r

331 3283 376 3340 ita
429 3277 600 3342 constituit:
663 3280 833 3344 Aristaeum
875 3295 957 3355 tate,
1000 3281 1054 3342 seu
1072 3279 1230 3343 fertilitate
1253 3303 1292 3343 ex
1310 3284 1373 3346 llili
1467 3293 1468 3317 ¹

331 3379 454 3464 Tempe
484 3379 656 3444 Theffaliae
693 3385 832 3446 incolen·
872 3385 1082 3446 incrementis.
1146 3385 1319 3468 Canopus,
1353 3382 1372 3448 ὅ
1466 3398 1467 3417 ¹

328 3497 397 3543 tem
414 3503 507 3565 apum
523 3489 664 3546 examina
678 3486 731 3547 lue
751 3485 831 3570 gras-
872 3477 1029 3567 Κάνωβος,
1049 3489 1181 3572 Aegypti
1199 3487 1283 3562 vrbe,
1304 3505 1371 3549 non
1465 3493 1466 3518 l

331 3583 418 3646 sante
439 3583 574 3649 amifille.
619 3587 831 3672 Conquestum
871 3586 967 3670 longe
987 3587 1026 3650 ab
1045 3591 1249 3662 Alexandria3
1278 3609 1368 3674 qnae,

275 3727 279 3734 -
332 3685 537 3749 calamitatem
574 3691 658 3772 apud
697 3709 829 3754 matrem
871 3690 957 3772 quod
980 3695 1041 3751 iarn
1055 3695 1220 3766 Martinus,
1239 3693 1368 3754 vitale·

329 3809 400 3849 cum
423 3787 517 3864 iillet,
552 3792 591 3852 ab
620 3791 679 3854 hac
700 3793 829 3876 respon·
868 3797 970 3875 gantis
991 3795 1116 3872 iudicii,
1150 3797 1246 3872 vidit,
1285 3798 1366 3856 occi-

326 3889 394 3952 sam
427 3897 564 3973 accepit,
608 3894 756 3958 Proteum
790 3901 826 3960 in
868 3895 1024 3958 dentalem
1053 3893 1200 3983 ¹Aegypti
1245 3913 1364 3981 par-tem
1459 3835 1462 3930 l

325 3993 454 4054 Pallene
476 3995 539 4075 392
562 3995 603 4058 de
621 3994 722 4058 cauffa
750 4001 825 4060 mali
866 3997 1006 4083 designat
1033 3997 1098 4080 (est
1118 4005 1202 4062 enirn
1227 4001 1362 4083 Canopi-

323 4111 358 4157 et
377 4095 501 4158 medela
517 4093 577 4159 effe
590 4097 821 4163 consulendtnn.
865 4121 935 4160 cnm
960 4107 1095 4186 primum
1114 4101 1153 4163 ab
1177 4105 1361 4166 occidentali

321 4199 396 4260 Adit
429 4201 552 4260 inuenit
590 4200 739 4263 Proteum
781 4227 819 4266 ex
860 4204 957 4266 latere
984 4207 1048 4268 Nili
1079 4203 1229 4287 ollium);
1277 4205 1355 4267 vnde

318 4321 421 4384 eoque
446 4301 533 4363 audit
550 4301 636 4364 lnem
657 4301 819 4368 immill'am
859 4306 997 4395 Aeschyl.
1021 4315 1055 4372 ia
1069 4309 1228 4374 Prometh.
1247 4331 1274 4374 ν.
1291 4311 1354 4390 845
