<?xml version="1.0" encoding="UTF-8"?>
<!DOCTYPE html PUBLIC "-//W3C//DTD XHTML 1.0 Transitional//EN"
    "http://www.w3.org/TR/xhtml1/DTD/xhtml1-transitional.dtd">
<html xmlns="http://www.w3.org/1999/xhtml" xml:lang="en" lang="en">
 <head>
  <title>
</title>
<meta http-equiv="Content-Type" content="text/html;charset=utf-8" />
  <meta name='ocr-system' content='tesseract 3.04.00' />
  <meta name='ocr-capabilities' content='ocr_page ocr_carea ocr_par ocr_line ocrx_word'/>
</head>
<body>
  <div class='ocr_page' id='page_1' title='image "./varietatelectio00heyngoog_0056.png"; bbox 0 0 2942 5067; ppageno 0'>
   <div class='ocr_carea' id='block_1_1' title="bbox 326 340 1064 495">
    <p class='ocr_par' dir='ltr' id='par_1_1' title="bbox 326 340 1064 495">
     <span class='ocr_line' id='line_1_1' title="bbox 326 340 1064 495; baseline -0.001 -39"><span class='ocrx_word' id='word_1_1' title='bbox 326 340 496 495; x_wconf 21' lang='lat' dir='ltr'><strong>xurrrry</strong></span> <span class='ocrx_word' id='word_1_2' title='bbox 675 378 1064 455; x_wconf 77' lang='lat' dir='ltr'><strong>PRAEFATIO</strong></span> 
     </span>
    </p>
   </div>
   <div class='ocr_carea' id='block_1_2' title="bbox 322 579 1447 1105">
    <p class='ocr_par' dir='ltr' id='par_1_2' title="bbox 322 579 1447 1105">
     <span class='ocr_line' id='line_1_2' title="bbox 334 579 1447 689; baseline -0.001 -27"><span class='ocrx_word' id='word_1_3' title='bbox 334 588 477 662; x_wconf 84' lang='lat' dir='ltr'><strong>Contra</strong></span> <span class='ocrx_word' id='word_1_4' title='bbox 497 579 744 659; x_wconf 84' lang='lat' dir='ltr'><strong>molestiffima</strong></span> <span class='ocrx_word' id='word_1_5' title='bbox 772 610 831 663; x_wconf 83' lang='lat' dir='ltr'><strong>reo</strong></span> <span class='ocrx_word' id='word_1_6' title='bbox 857 582 926 676; x_wconf 85' lang='lat' dir='ltr'><strong>est,</strong></span> <span class='ocrx_word' id='word_1_7' title='bbox 964 582 1013 678; x_wconf 81' lang='lat' dir='ltr'><strong>st,</strong></span> <span class='ocrx_word' id='word_1_8' title='bbox 1057 582 1165 689; x_wconf 89' lang='lat' dir='ltr'><strong>quod</strong></span> <span class='ocrx_word' id='word_1_9' title='bbox 1190 593 1277 689; x_wconf 77' lang='lat' dir='ltr'><strong>pro&#39;</strong></span> <span class='ocrx_word' id='word_1_10' title='bbox 1295 585 1382 687; x_wconf 80' lang='lat' dir='ltr'><strong>suo</strong></span> <span class='ocrx_word' id='word_1_11' title='bbox 1443 621 1447 631; x_wconf 52' lang='lat'><em>⁴</em></span> 
     </span>
     <span class='ocr_line' id='line_1_3' title="bbox 322 718 1388 822; baseline 0.003 -27"><span class='ocrx_word' id='word_1_12' title='bbox 322 719 445 821; x_wconf 80' lang='lat' dir='ltr'><strong>sensu</strong></span> <span class='ocrx_word' id='word_1_13' title='bbox 457 718 628 795; x_wconf 84' lang='lat' dir='ltr'><strong>Heinllus</strong></span> <span class='ocrx_word' id='word_1_14' title='bbox 645 724 817 811; x_wconf 86' lang='lat' dir='ltr'><strong>eiecerat,</strong></span> <span class='ocrx_word' id='word_1_15' title='bbox 835 746 913 822; x_wconf 82' lang='lat' dir='ltr'><strong>pro</strong></span> <span class='ocrx_word' id='word_1_16' title='bbox 923 718 1005 821; x_wconf 84' lang='lat' dir='ltr'><strong>suo</strong></span> <span class='ocrx_word' id='word_1_17' title='bbox 1012 719 1135 820; x_wconf 84' lang='lat' dir='ltr'><strong>sensu</strong></span> <span class='ocrx_word' id='word_1_18' title='bbox 1146 724 1388 798; x_wconf 73' lang='lat' dir='ltr'><strong>normanum</strong></span> 
     </span>
     <span class='ocr_line' id='line_1_4' title="bbox 335 844 1390 957; baseline 0.005 -29"><span class='ocrx_word' id='word_1_19' title='bbox 335 844 549 957; x_wconf 73' lang='lat' dir='ltr'>receperat,</span> <span class='ocrx_word' id='word_1_20' title='bbox 573 855 675 930; x_wconf 88' lang='lat' dir='ltr'><strong>idem</strong></span> <span class='ocrx_word' id='word_1_21' title='bbox 690 882 769 957; x_wconf 82' lang='lat' dir='ltr'><strong>pro</strong></span> <span class='ocrx_word' id='word_1_22' title='bbox 786 883 876 931; x_wconf 88' lang='lat' dir='ltr'><strong>meo</strong></span> <span class='ocrx_word' id='word_1_23' title='bbox 884 856 1007 955; x_wconf 80' lang='lat' dir='ltr'><strong>sensu</strong></span> <span class='ocrx_word' id='word_1_24' title='bbox 1025 860 1163 930; x_wconf 84' lang='lat' dir='ltr'><strong>iterum</strong></span> <span class='ocrx_word' id='word_1_25' title='bbox 1185 860 1315 949; x_wconf 87' lang='lat' dir='ltr'><strong>eiicio,</strong></span> <span class='ocrx_word' id='word_1_26' title='bbox 1344 875 1390 933; x_wconf 80' lang='lat' dir='ltr'><strong>vt</strong></span> 
     </span>
     <span class='ocr_line' id='line_1_5' title="bbox 337 989 1392 1105; baseline 0.004 -42"><span class='ocrx_word' id='word_1_27' title='bbox 337 990 432 1105; x_wconf 77' lang='lat' dir='ltr'><strong>alius</strong></span> <span class='ocrx_word' id='word_1_28' title='bbox 447 1016 524 1089; x_wconf 82' lang='lat' dir='ltr'><strong>pro</strong></span> <span class='ocrx_word' id='word_1_29' title='bbox 538 989 660 1088; x_wconf 83' lang='lat' dir='ltr'><strong>sensu</strong></span> <span class='ocrx_word' id='word_1_30' title='bbox 673 990 760 1089; x_wconf 68' lang='lat' dir='ltr'><strong>fiw,</strong></span> <span class='ocrx_word' id='word_1_31' title='bbox 778 990 854 1067; x_wconf 89' lang='lat' dir='ltr'><strong>hoc</strong></span> <span class='ocrx_word' id='word_1_32' title='bbox 866 990 998 1067; x_wconf 85' lang='lat' dir='ltr'><strong>itidem</strong></span> <span class='ocrx_word' id='word_1_33' title='bbox 1012 990 1188 1093; x_wconf 78' lang='lat' dir='ltr'><strong>expellat.</strong></span> <span class='ocrx_word' id='word_1_34' title='bbox 1220 994 1392 1067; x_wconf 61' lang='lat' dir='ltr'><strong>rorum</strong></span> 
     </span>
    </p>
   </div>
   <div class='ocr_carea' id='block_1_3' title="bbox 122 1112 1392 1365">
    <p class='ocr_par' dir='ltr' id='par_1_3' title="bbox 122 1112 1392 1365">
     <span class='ocr_line' id='line_1_6' title="bbox 122 1112 1392 1237; baseline 0.004 -41"><span class='ocrx_word' id='word_1_35' title='bbox 122 1154 130 1176; x_wconf 54' lang='grc' dir='ltr'><strong>ν</strong></span> <span class='ocrx_word' id='word_1_36' title='bbox 185 1232 186 1237; x_wconf 8' lang='lat'>¹</span> <span class='ocrx_word' id='word_1_37' title='bbox 230 1156 236 1173; x_wconf 57' lang='lat'><em>„</em></span> <span class='ocrx_word' id='word_1_38' title='bbox 277 1189 279 1197; x_wconf 90' lang='grc'>.</span> <span class='ocrx_word' id='word_1_39' title='bbox 339 1125 389 1201; x_wconf 91' lang='lat' dir='ltr'><strong>de</strong></span> <span class='ocrx_word' id='word_1_40' title='bbox 403 1142 485 1199; x_wconf 92' lang='lat' dir='ltr'><strong>toto</strong></span> <span class='ocrx_word' id='word_1_41' title='bbox 499 1112 576 1199; x_wconf 80' lang='lat' dir='ltr'><strong>hoc¹</strong></span> <span class='ocrx_word' id='word_1_42' title='bbox 595 1150 733 1224; x_wconf 84' lang='lat' dir='ltr'><strong>genere</strong></span> <span class='ocrx_word' id='word_1_43' title='bbox 747 1145 812 1200; x_wconf 89' lang='lat' dir='ltr'><strong>aut</strong></span> <span class='ocrx_word' id='word_1_44' title='bbox 826 1126 936 1230; x_wconf 87' lang='lat' dir='ltr'><strong>plura</strong></span> <span class='ocrx_word' id='word_1_45' title='bbox 948 1125 1112 1201; x_wconf 88' lang='lat' dir='ltr'><strong>dicenda</strong></span> <span class='ocrx_word' id='word_1_46' title='bbox 1134 1123 1235 1217; x_wconf 83' lang='lat' dir='ltr'><strong>sunt,</strong></span> <span class='ocrx_word' id='word_1_47' title='bbox 1268 1152 1392 1229; x_wconf 84' lang='lat' dir='ltr'><strong>quam</strong></span> 
     </span>
     <span class='ocr_line' id='line_1_7' title="bbox 185 1258 1391 1365; baseline 0.012 -38"><span class='ocrx_word' id='word_1_48' title='bbox 185 1262 189 1269; x_wconf 67' lang='grc'><em>“</em></span> <span class='ocrx_word' id='word_1_49' title='bbox 338 1284 440 1363; x_wconf 83' lang='lat' dir='ltr'><strong>quae</strong></span> <span class='ocrx_word' id='word_1_50' title='bbox 454 1259 517 1337; x_wconf 86' lang='lat' dir='ltr'><strong>hic</strong></span> <span class='ocrx_word' id='word_1_51' title='bbox 535 1260 642 1335; x_wconf 78' lang='lat' dir='ltr'><strong>locus</strong></span> <span class='ocrx_word' id='word_1_52' title='bbox 664 1265 783 1361; x_wconf 85' lang='lat' dir='ltr'><strong>capit,</strong></span> <span class='ocrx_word' id='word_1_53' title='bbox 805 1279 881 1352; x_wconf 83' lang='lat' dir='ltr'><strong>aut,</strong></span> <span class='ocrx_word' id='word_1_54' title='bbox 898 1258 925 1336; x_wconf 82' lang='lat' dir='ltr'><strong>li</strong></span> <span class='ocrx_word' id='word_1_55' title='bbox 944 1266 1075 1365; x_wconf 77' lang='lat' dir='ltr'><strong>paucis</strong></span> <span class='ocrx_word' id='word_1_56' title='bbox 1093 1286 1177 1337; x_wconf 88' lang='lat' dir='ltr'><strong>rem</strong></span> <span class='ocrx_word' id='word_1_57' title='bbox 1193 1262 1391 1363; x_wconf 72' lang='lat' dir='ltr'><strong>expedias,</strong></span> 
     </span>
    </p>
   </div>
   <div class='ocr_carea' id='block_1_4' title="bbox 259 1392 1396 1904">
    <p class='ocr_par' dir='ltr' id='par_1_4' title="bbox 341 1392 1393 1622">
     <span class='ocr_line' id='line_1_8' title="bbox 341 1392 1393 1489; baseline 0.007 -21"><span class='ocrx_word' id='word_1_58' title='bbox 341 1392 486 1470; x_wconf 80' lang='lat' dir='ltr'><strong>diuersa</strong></span> <span class='ocrx_word' id='word_1_59' title='bbox 505 1393 746 1471; x_wconf 82' lang='lat' dir='ltr'><strong>statuentium</strong></span> <span class='ocrx_word' id='word_1_60' title='bbox 757 1396 815 1470; x_wconf 78' lang='lat' dir='ltr'><strong>his</strong></span> <span class='ocrx_word' id='word_1_61' title='bbox 834 1394 1012 1475; x_wconf 78' lang='lat' dir='ltr'><strong>derebus</strong></span> <span class='ocrx_word' id='word_1_62' title='bbox 1030 1396 1188 1489; x_wconf 87' lang='lat' dir='ltr'><strong>iudicia,</strong></span> <span class='ocrx_word' id='word_1_63' title='bbox 1224 1394 1393 1476; x_wconf 80' lang='lat' dir='ltr'><strong>fimodn</strong></span> 
     </span>
     <span class='ocr_line' id='line_1_9' title="bbox 341 1522 1155 1622; baseline -0.001 -17"><span class='ocrx_word' id='word_1_64' title='bbox 341 1530 482 1607; x_wconf 85' lang='lat' dir='ltr'><strong>iudicia</strong></span> <span class='ocrx_word' id='word_1_65' title='bbox 508 1528 607 1622; x_wconf 82' lang='lat' dir='ltr'><strong>sunt,</strong></span> <span class='ocrx_word' id='word_1_66' title='bbox 635 1522 711 1603; x_wconf 81' lang='lat' dir='ltr'><strong>&#39;vix</strong></span> <span class='ocrx_word' id='word_1_67' title='bbox 733 1530 938 1616; x_wconf 77' lang='lat' dir='ltr'><strong>refluxeria.</strong></span> <span class='ocrx_word' id='word_1_68' title='bbox 1151 1528 1155 1535; x_wconf 72' lang='grc'><strong>’</strong></span> 
     </span>
    </p>

    <p class='ocr_par' dir='ltr' id='par_1_5' title="bbox 259 1662 1396 1904">
     <span class='ocr_line' id='line_1_10' title="bbox 259 1662 1396 1768; baseline 0 -27"><span class='ocrx_word' id='word_1_69' title='bbox 259 1694 264 1710; x_wconf 94' lang='grc'>·</span> <span class='ocrx_word' id='word_1_70' title='bbox 309 1692 310 1695; x_wconf 65' lang='grc'>’</span> <span class='ocrx_word' id='word_1_71' title='bbox 436 1668 564 1768; x_wconf 86' lang='lat' dir='ltr'><strong>Copiis</strong></span> <span class='ocrx_word' id='word_1_72' title='bbox 586 1668 739 1758; x_wconf 75' lang='lat' dir='ltr'><strong>criticis,</strong></span> <span class='ocrx_word' id='word_1_73' title='bbox 771 1666 870 1743; x_wconf 87' lang='lat' dir='ltr'><strong>rude</strong></span> <span class='ocrx_word' id='word_1_74' title='bbox 888 1668 978 1745; x_wconf 88' lang='lat' dir='ltr'><strong>huic</strong></span> <span class='ocrx_word' id='word_1_75' title='bbox 997 1688 1124 1741; x_wconf 88' lang='lat' dir='ltr'><strong>nouae</strong></span> <span class='ocrx_word' id='word_1_76' title='bbox 1138 1662 1301 1758; x_wconf 85' lang='lat' dir='ltr'><strong>&#39;editioni</strong></span> <span class='ocrx_word' id='word_1_77' title='bbox 1320 1664 1396 1741; x_wconf 86' lang='lat' dir='ltr'><strong>ali·</strong></span> 
     </span>
     <span class='ocr_line' id='line_1_11' title="bbox 342 1798 1396 1904; baseline -0.002 -27"><span class='ocrx_word' id='word_1_78' title='bbox 342 1800 438 1904; x_wconf 86' lang='lat' dir='ltr'><strong>quid</strong></span> <span class='ocrx_word' id='word_1_79' title='bbox 461 1804 673 1876; x_wconf 88' lang='lat' dir='ltr'><strong>ornamenti</strong></span> <span class='ocrx_word' id='word_1_80' title='bbox 696 1801 912 1892; x_wconf 84' lang='lat' dir='ltr'><strong>accederet,</strong></span> <span class='ocrx_word' id='word_1_81' title='bbox 950 1798 1032 1876; x_wconf 78' lang='lat' dir='ltr'><strong>ulus</strong></span> <span class='ocrx_word' id='word_1_82' title='bbox 1061 1798 1140 1875; x_wconf 82' lang='lat' dir='ltr'><strong>sum</strong></span> <span class='ocrx_word' id='word_1_83' title='bbox 1163 1798 1267 1875; x_wconf 81' lang='lat' dir='ltr'><strong>haud</strong></span> <span class='ocrx_word' id='word_1_84' title='bbox 1293 1826 1396 1876; x_wconf 85' lang='lat' dir='ltr'><strong>con·</strong></span> 
     </span>
    </p>
   </div>
   <div class='ocr_carea' id='block_1_5' title="bbox 185 1928 1395 2039">
    <p class='ocr_par' dir='ltr' id='par_1_6' title="bbox 185 1928 1395 2039">
     <span class='ocr_line' id='line_1_12' title="bbox 185 1928 1395 2039; baseline -0.003 -27"><span class='ocrx_word' id='word_1_85' title='bbox 185 1928 190 1935; x_wconf 62' lang='grc'><strong>’</strong></span> <span class='ocrx_word' id='word_1_86' title='bbox 342 1936 568 2013; x_wconf 87' lang='lat' dir='ltr'><strong>temnendis.</strong></span> <span class='ocrx_word' id='word_1_87' title='bbox 645 1937 773 2011; x_wconf 85' lang='lat' dir='ltr'><strong>Primo</strong></span> <span class='ocrx_word' id='word_1_88' title='bbox 799 1935 954 2039; x_wconf 86' lang='lat' dir='ltr'><strong>quidem</strong></span> <span class='ocrx_word' id='word_1_89' title='bbox 987 1935 1130 2013; x_wconf 80' lang='lat' dir='ltr'><strong>schedis</strong></span> <span class='ocrx_word' id='word_1_90' title='bbox 1158 1938 1220 2010; x_wconf 86' lang='lat' dir='ltr'><strong>Io.</strong></span> <span class='ocrx_word' id='word_1_91' title='bbox 1244 1936 1395 2011; x_wconf 50' lang='lat' dir='ltr'><strong>scira,</strong></span> 
     </span>
    </p>
   </div>
   <div class='ocr_carea' id='block_1_6' title="bbox 343 2066 1400 3250">
    <p class='ocr_par' dir='ltr' id='par_1_7' title="bbox 343 2066 1400 3250">
     <span class='ocr_line' id='line_1_13' title="bbox 344 2066 1397 2166; baseline 0.002 -21"><span class='ocrx_word' id='word_1_92' title='bbox 344 2073 455 2151; x_wconf 81' lang='lat' dir='ltr'><strong>deri,</strong></span> <span class='ocrx_word' id='word_1_93' title='bbox 494 2066 561 2145; x_wconf 78' lang='lat' dir='ltr'><strong>riri</strong></span> <span class='ocrx_word' id='word_1_94' title='bbox 588 2067 804 2166; x_wconf 86' lang='lat' dir='ltr'><strong>doctiffimi,</strong></span> <span class='ocrx_word' id='word_1_95' title='bbox 836 2077 942 2147; x_wconf 87' lang='lat' dir='ltr'><strong>cuius</strong></span> <span class='ocrx_word' id='word_1_96' title='bbox 964 2068 1097 2145; x_wconf 79' lang='lat' dir='ltr'><strong>subtile</strong></span> <span class='ocrx_word' id='word_1_97' title='bbox 1119 2074 1161 2144; x_wconf 84' lang='lat' dir='ltr'><strong>in</strong></span> <span class='ocrx_word' id='word_1_98' title='bbox 1176 2096 1233 2149; x_wconf 74' lang='lat' dir='ltr'><strong>,re</strong></span> <span class='ocrx_word' id='word_1_99' title='bbox 1257 2076 1397 2147; x_wconf 83' lang='lat' dir='ltr'><strong>critica</strong></span> 
     </span>
     <span class='ocr_line' id='line_1_14' title="bbox 345 2204 1394 2307; baseline 0 -26"><span class='ocrx_word' id='word_1_100' title='bbox 345 2209 541 2307; x_wconf 83' lang='lat' dir='ltr'><strong>ingenium</strong></span> <span class='ocrx_word' id='word_1_101' title='bbox 575 2232 623 2281; x_wconf 88' lang='lat' dir='ltr'><strong>ex</strong></span> <span class='ocrx_word' id='word_1_102' title='bbox 660 2206 995 2283; x_wconf 84' lang='lat' dir='ltr'><strong>Emendationibus</strong></span> <span class='ocrx_word' id='word_1_103' title='bbox 1034 2211 1077 2281; x_wconf 90' lang='lat' dir='ltr'><strong>in</strong></span> <span class='ocrx_word' id='word_1_104' title='bbox 1110 2206 1238 2281; x_wconf 89' lang='lat' dir='ltr'><strong>lucem</strong></span> <span class='ocrx_word' id='word_1_105' title='bbox 1275 2204 1394 2281; x_wconf 72' lang='lat' dir='ltr'><strong>editis</strong></span> 
     </span>
     <span class='ocr_line' id='line_1_15' title="bbox 344 2338 1395 2449; baseline -0.004 -32"><span class='ocrx_word' id='word_1_106' title='bbox 344 2338 581 2443; x_wconf 83' lang='lat' dir='ltr'><strong>perspectum</strong></span> <span class='ocrx_word' id='word_1_107' title='bbox 597 2341 796 2419; x_wconf 81' lang='lat' dir='ltr'><strong>habebam.</strong></span> <span class='ocrx_word' id='word_1_108' title='bbox 846 2340 1011 2449; x_wconf 83' lang='lat' dir='ltr'><strong>Schedaa</strong></span> <span class='ocrx_word' id='word_1_109' title='bbox 1031 2346 1112 2418; x_wconf 84' lang='lat' dir='ltr'><strong>eius</strong></span> <span class='ocrx_word' id='word_1_110' title='bbox 1124 2345 1166 2415; x_wconf 91' lang='lat' dir='ltr'><strong>in</strong></span> <span class='ocrx_word' id='word_1_111' title='bbox 1179 2338 1395 2441; x_wconf 80' lang='lat' dir='ltr'><strong>Virgilium,</strong></span> 
     </span>
     <span class='ocr_line' id='line_1_16' title="bbox 343 2475 1399 2580; baseline 0.002 -31"><span class='ocrx_word' id='word_1_112' title='bbox 343 2479 387 2549; x_wconf 88' lang='lat' dir='ltr'><strong>in</strong></span> <span class='ocrx_word' id='word_1_113' title='bbox 407 2481 585 2551; x_wconf 82' lang='lat' dir='ltr'><strong>auctione</strong></span> <span class='ocrx_word' id='word_1_114' title='bbox 616 2476 852 2580; x_wconf 76' lang='lat' dir='ltr'><strong>supellectilia</strong></span> <span class='ocrx_word' id='word_1_115' title='bbox 876 2475 1049 2553; x_wconf 81' lang='lat' dir='ltr'><strong>librariae</strong></span> <span class='ocrx_word' id='word_1_116' title='bbox 1068 2493 1275 2553; x_wconf 76' lang='lat' dir='ltr'><strong>veneuntes</strong></span> <span class='ocrx_word' id='word_1_117' title='bbox 1298 2502 1399 2551; x_wconf 86' lang='lat' dir='ltr'><strong>cum</strong></span> 
     </span>
     <span class='ocr_line' id='line_1_17' title="bbox 346 2603 1398 2715; baseline 0.004 -32"><span class='ocrx_word' id='word_1_118' title='bbox 346 2607 417 2685; x_wconf 84' lang='lat' dir='ltr'><strong>suia</strong></span> <span class='ocrx_word' id='word_1_119' title='bbox 444 2616 569 2712; x_wconf 85' lang='lat' dir='ltr'><strong>-copiis</strong></span> <span class='ocrx_word' id='word_1_120' title='bbox 597 2612 708 2688; x_wconf 88' lang='lat' dir='ltr'><strong>huius</strong></span> <span class='ocrx_word' id='word_1_121' title='bbox 738 2618 884 2715; x_wconf 74' lang='lat' dir='ltr'><strong>generis</strong></span> <span class='ocrx_word' id='word_1_122' title='bbox 913 2610 1053 2686; x_wconf 77' lang='lat' dir='ltr'><strong>inferre</strong></span> <span class='ocrx_word' id='word_1_123' title='bbox 1071 2603 1217 2713; x_wconf 69' lang='lat' dir='ltr'><strong>Zpoffet,</strong></span> <span class='ocrx_word' id='word_1_124' title='bbox 1256 2609 1398 2687; x_wconf 66' lang='lat' dir='ltr'><strong>malunt</strong></span> 
     </span>
     <span class='ocr_line' id='line_1_18' title="bbox 345 2740 1399 2851; baseline 0.002 -32"><span class='ocrx_word' id='word_1_125' title='bbox 345 2740 467 2821; x_wconf 82' lang='lat' dir='ltr'><strong>vlibua</strong></span> <span class='ocrx_word' id='word_1_126' title='bbox 492 2751 587 2823; x_wconf 88' lang='lat' dir='ltr'><strong>meis</strong></span> <span class='ocrx_word' id='word_1_127' title='bbox 613 2753 831 2851; x_wconf 87' lang='lat' dir='ltr'><strong>permittere</strong></span> <span class='ocrx_word' id='word_1_128' title='bbox 856 2751 913 2821; x_wconf 80' lang='lat' dir='ltr'><strong>vir</strong></span> <span class='ocrx_word' id='word_1_129' title='bbox 936 2742 1216 2821; x_wconf 80' lang='lat' dir='ltr'><strong>humanillrmus</strong></span> <span class='ocrx_word' id='word_1_130' title='bbox 1238 2764 1278 2821; x_wconf 90' lang='lat' dir='ltr'><strong>et</strong></span> <span class='ocrx_word' id='word_1_131' title='bbox 1297 2754 1399 2821; x_wconf 80' lang='lat' dir='ltr'><strong>ami-</strong></span> 
     </span>
     <span class='ocr_line' id='line_1_19' title="bbox 347 2877 1399 2973; baseline 0 -18"><span class='ocrx_word' id='word_1_132' title='bbox 347 2877 524 2973; x_wconf 81' lang='lat' dir='ltr'><strong>ciffimus,</strong></span> <span class='ocrx_word' id='word_1_133' title='bbox 563 2884 687 2957; x_wconf 80' lang='lat' dir='ltr'><strong>Laur.</strong></span> <span class='ocrx_word' id='word_1_134' title='bbox 709 2892 795 2957; x_wconf 73' lang='lat' dir='ltr'><strong>uara</strong></span> <span class='ocrx_word' id='word_1_135' title='bbox 816 2884 986 2962; x_wconf 76' lang='lat' dir='ltr'><strong>Saurea,</strong></span> <span class='ocrx_word' id='word_1_136' title='bbox 1016 2881 1192 2971; x_wconf 80' lang='lat' dir='ltr'><strong>Lv.D.;</strong></span> <span class='ocrx_word' id='word_1_137' title='bbox 1230 2906 1293 2955; x_wconf 82' lang='lat' dir='ltr'><strong>ees</strong></span> <span class='ocrx_word' id='word_1_138' title='bbox 1318 2884 1399 2955; x_wconf 85' lang='lat' dir='ltr'><strong>ita·</strong></span> 
     </span>
     <span class='ocr_line' id='line_1_20' title="bbox 349 2988 1397 3117; baseline 0.002 -28"><span class='ocrx_word' id='word_1_139' title='bbox 349 3040 427 3117; x_wconf 85' lang='lat' dir='ltr'><strong>que</strong></span> <span class='ocrx_word' id='word_1_140' title='bbox 460 3020 503 3089; x_wconf 89' lang='lat' dir='ltr'><strong>in</strong></span> <span class='ocrx_word' id='word_1_141' title='bbox 532 2988 766 3094; x_wconf 84' lang='lat' dir='ltr'><strong>Bibliotheca</strong></span> <span class='ocrx_word' id='word_1_142' title='bbox 798 3014 924 3091; x_wconf 84' lang='lat' dir='ltr'><strong>nostra</strong></span> <span class='ocrx_word' id='word_1_143' title='bbox 960 3014 1187 3091; x_wconf 78' lang='lat' dir='ltr'><strong>Academica</strong></span> <span class='ocrx_word' id='word_1_144' title='bbox 1226 3013 1397 3117; x_wconf 74' lang='lat' dir='ltr'><strong>reposui.</strong></span> 
     </span>
     <span class='ocr_line' id='line_1_21' title="bbox 348 3146 1400 3250; baseline 0.003 -24"><span class='ocrx_word' id='word_1_145' title='bbox 348 3153 515 3250; x_wconf 87' lang='lat' dir='ltr'><strong>Operam</strong></span> <span class='ocrx_word' id='word_1_146' title='bbox 535 3148 787 3227; x_wconf 81' lang='lat' dir='ltr'><strong>adhibendam</strong></span> <span class='ocrx_word' id='word_1_147' title='bbox 811 3150 884 3229; x_wconf 85' lang='lat' dir='ltr'><strong>elle</strong></span> <span class='ocrx_word' id='word_1_148' title='bbox 902 3151 979 3227; x_wconf 83' lang='lat' dir='ltr'><strong>vidi</strong></span> <span class='ocrx_word' id='word_1_149' title='bbox 1000 3149 1111 3227; x_wconf 80' lang='lat' dir='ltr'><strong>valde</strong></span> <span class='ocrx_word' id='word_1_150' title='bbox 1129 3146 1323 3225; x_wconf 84' lang='lat' dir='ltr'><strong>molestam</strong></span> <span class='ocrx_word' id='word_1_151' title='bbox 1342 3177 1400 3229; x_wconf 82' lang='lat' dir='ltr'><strong>ac</strong></span> 
     </span>
    </p>
   </div>
   <div class='ocr_carea' id='block_1_7' title="bbox 333 3280 1400 3658">
    <p class='ocr_par' dir='ltr' id='par_1_8' title="bbox 333 3280 1400 3658">
     <span class='ocr_line' id='line_1_22' title="bbox 341 3280 1400 3429; baseline 0.006 -72"><span class='ocrx_word' id='word_1_152' title='bbox 341 3280 539 3359; x_wconf 77' lang='lat' dir='ltr'><strong>‘difficilem</strong></span> <span class='ocrx_word' id='word_1_153' title='bbox 551 3287 791 3429; x_wconf 54' lang='lat' dir='ltr'><strong>&#39;sextricmdie</strong></span> <span class='ocrx_word' id='word_1_154' title='bbox 819 3291 1040 3378; x_wconf 81' lang='lat' dir='ltr'><strong>innumeris,</strong></span> <span class='ocrx_word' id='word_1_155' title='bbox 1088 3310 1189 3389; x_wconf 86' lang='lat' dir='ltr'><strong>quae</strong></span> <span class='ocrx_word' id='word_1_156' title='bbox 1214 3290 1256 3361; x_wconf 89' lang='lat' dir='ltr'><strong>iu</strong></span> <span class='ocrx_word' id='word_1_157' title='bbox 1284 3285 1400 3363; x_wconf 81' lang='lat' dir='ltr'><strong>char-</strong></span> 
     </span>
     <span class='ocr_line' id='line_1_23' title="bbox 333 3413 1396 3521; baseline 0.003 -28"><span class='ocrx_word' id='word_1_158' title='bbox 333 3438 428 3521; x_wconf 21' lang='lat' dir='ltr'><strong>,tam</strong></span> <span class='ocrx_word' id='word_1_159' title='bbox 445 3426 678 3512; x_wconf 86' lang='lat' dir='ltr'><strong>coniecerat,</strong></span> <span class='ocrx_word' id='word_1_160' title='bbox 720 3422 842 3497; x_wconf 89' lang='lat' dir='ltr'><strong>modo</strong></span> <span class='ocrx_word' id='word_1_161' title='bbox 862 3425 1069 3498; x_wconf 86' lang='lat' dir='ltr'><strong>memoriae</strong></span> <span class='ocrx_word' id='word_1_162' title='bbox 1092 3416 1231 3513; x_wconf 82' lang='lat' dir='ltr'><strong>caulla,</strong></span> <span class='ocrx_word' id='word_1_163' title='bbox 1269 3413 1396 3496; x_wconf 75' lang='lat' dir='ltr'><strong>modo</strong></span> 
     </span>
     <span class='ocr_line' id='line_1_24' title="bbox 346 3553 1399 3658; baseline 0.003 -30"><span class='ocrx_word' id='word_1_164' title='bbox 346 3572 387 3628; x_wconf 83' lang='lat' dir='ltr'><strong>rt</strong></span> <span class='ocrx_word' id='word_1_165' title='bbox 408 3558 508 3628; x_wconf 83' lang='lat' dir='ltr'><strong>varin</strong></span> <span class='ocrx_word' id='word_1_166' title='bbox 529 3573 709 3648; x_wconf 85' lang='lat' dir='ltr'><strong>tentaret,</strong></span> <span class='ocrx_word' id='word_1_167' title='bbox 735 3554 886 3633; x_wconf 84' lang='lat' dir='ltr'><strong>diuerfia</strong></span> <span class='ocrx_word' id='word_1_168' title='bbox 906 3556 1062 3658; x_wconf 89' lang='lat' dir='ltr'><strong>quidem</strong></span> <span class='ocrx_word' id='word_1_169' title='bbox 1083 3553 1317 3657; x_wconf 77' lang='lat' dir='ltr'><strong>temporibus</strong></span> <span class='ocrx_word' id='word_1_170' title='bbox 1330 3580 1399 3631; x_wconf 71' lang='lat' dir='ltr'><strong>re⁴</strong></span> 
     </span>
    </p>
   </div>
   <div class='ocr_carea' id='block_1_8' title="bbox 345 3688 1395 3795">
    <p class='ocr_par' dir='ltr' id='par_1_9' title="bbox 345 3688 1395 3795">
     <span class='ocr_line' id='line_1_25' title="bbox 345 3688 1395 3795; baseline -0.001 -31"><span class='ocrx_word' id='word_1_171' title='bbox 345 3695 547 3792; x_wconf 80' lang='lat' dir='ltr'><strong>petitisque</strong></span> <span class='ocrx_word' id='word_1_172' title='bbox 567 3690 724 3785; x_wconf 86' lang='lat' dir='ltr'><strong>vicibus,</strong></span> <span class='ocrx_word' id='word_1_173' title='bbox 752 3710 791 3767; x_wconf 83' lang='lat' dir='ltr'><strong>vt</strong></span> <span class='ocrx_word' id='word_1_174' title='bbox 806 3698 1042 3795; x_wconf 83' lang='lat' dir='ltr'><strong>exqttirerem</strong></span> <span class='ocrx_word' id='word_1_175' title='bbox 1062 3716 1108 3767; x_wconf 86' lang='lat' dir='ltr'><strong>ac</strong></span> <span class='ocrx_word' id='word_1_176' title='bbox 1127 3688 1318 3791; x_wconf 82' lang='lat' dir='ltr'><strong>seligerem</strong></span> <span class='ocrx_word' id='word_1_177' title='bbox 1334 3689 1395 3783; x_wconf 88' lang='lat' dir='ltr'><strong>id,</strong></span> 
     </span>
    </p>
   </div>
   <div class='ocr_carea' id='block_1_9' title="bbox 175 3821 1398 3930">
    <p class='ocr_par' dir='ltr' id='par_1_10' title="bbox 175 3821 1398 3930">
     <span class='ocr_line' id='line_1_26' title="bbox 175 3821 1398 3930; baseline 0.002 -32"><span class='ocrx_word' id='word_1_178' title='bbox 175 3870 183 3885; x_wconf 57' lang='grc' dir='ltr'>ι</span> <span class='ocrx_word' id='word_1_179' title='bbox 347 3825 454 3926; x_wconf 91' lang='lat' dir='ltr'><strong>quod</strong></span> <span class='ocrx_word' id='word_1_180' title='bbox 476 3831 533 3901; x_wconf 81' lang='lat' dir='ltr'><strong>vir</strong></span> <span class='ocrx_word' id='word_1_181' title='bbox 553 3826 778 3903; x_wconf 80' lang='lat' dir='ltr'><strong>doctiffinrus</strong></span> <span class='ocrx_word' id='word_1_182' title='bbox 800 3828 1025 3930; x_wconf 79' lang='lat' dir='ltr'><strong>probaturus</strong></span> <span class='ocrx_word' id='word_1_183' title='bbox 1046 3821 1170 3901; x_wconf 82' lang='lat' dir='ltr'><strong>fuillet</strong></span> <span class='ocrx_word' id='word_1_184' title='bbox 1188 3822 1267 3927; x_wconf 80' lang='lat' dir='ltr'><strong>ipse</strong></span> <span class='ocrx_word' id='word_1_185' title='bbox 1289 3842 1330 3901; x_wconf 90' lang='lat' dir='ltr'><strong>et</strong></span> <span class='ocrx_word' id='word_1_186' title='bbox 1348 3828 1398 3901; x_wconf 85' lang='lat' dir='ltr'><strong>in</strong></span> 
     </span>
    </p>
   </div>
   <div class='ocr_carea' id='block_1_10' title="bbox 275 3958 1397 4341">
    <p class='ocr_par' dir='ltr' id='par_1_11' title="bbox 275 3958 1397 4341">
     <span class='ocr_line' id='line_1_27' title="bbox 345 3958 1397 4091; baseline 0.001 -55"><span class='ocrx_word' id='word_1_187' title='bbox 345 3959 473 4037; x_wconf 85' lang='lat' dir='ltr'><strong>lucem</strong></span> <span class='ocrx_word' id='word_1_188' title='bbox 501 3961 738 4091; x_wconf 80' lang='lat' dir='ltr'><strong>proditurus:</strong></span> <span class='ocrx_word' id='word_1_189' title='bbox 778 3970 934 4041; x_wconf 73' lang='lat' dir='ltr'><strong>buarius</strong></span> <span class='ocrx_word' id='word_1_190' title='bbox 956 3968 1059 4041; x_wconf 88' lang='lat' dir='ltr'><strong>enim</strong></span> <span class='ocrx_word' id='word_1_191' title='bbox 1086 3958 1177 4039; x_wconf 81' lang='lat' dir='ltr'><strong>ellat</strong></span> <span class='ocrx_word' id='word_1_192' title='bbox 1193 3966 1236 4036; x_wconf 90' lang='lat' dir='ltr'><strong>in</strong></span> <span class='ocrx_word' id='word_1_193' title='bbox 1255 3962 1397 4037; x_wconf 69' lang='lat' dir='ltr'><strong>Manes</strong></span> 
     </span>
     <span class='ocr_line' id='line_1_28' title="bbox 346 4094 1397 4204; baseline 0 -33"><span class='ocrx_word' id='word_1_194' title='bbox 346 4100 416 4171; x_wconf 79' lang='lat' dir='ltr'><strong>riri</strong></span> <span class='ocrx_word' id='word_1_195' title='bbox 445 4094 566 4193; x_wconf 60' lang='lat' dir='ltr'><strong>docui,</strong></span> <span class='ocrx_word' id='word_1_196' title='bbox 617 4103 684 4204; x_wconf 88' lang='lat' dir='ltr'><strong>qui</strong></span> <span class='ocrx_word' id='word_1_197' title='bbox 703 4105 830 4176; x_wconf 89' lang='lat' dir='ltr'><strong>omnia</strong></span> <span class='ocrx_word' id='word_1_198' title='bbox 858 4106 938 4181; x_wconf 82' lang='lat' dir='ltr'><strong>eiua</strong></span> <span class='ocrx_word' id='word_1_199' title='bbox 962 4098 1143 4176; x_wconf 84' lang='lat' dir='ltr'><strong>meditata</strong></span> <span class='ocrx_word' id='word_1_200' title='bbox 1168 4094 1321 4201; x_wconf 68' lang='lat' dir='ltr'><strong>uulgare</strong></span> <span class='ocrx_word' id='word_1_201' title='bbox 1341 4121 1397 4173; x_wconf 83' lang='lat' dir='ltr'><strong>ex</strong></span> 
     </span>
     <span class='ocr_line' id='line_1_29' title="bbox 275 4227 1397 4341; baseline 0.004 -37"><span class='ocrx_word' id='word_1_202' title='bbox 275 4252 281 4272; x_wconf 75' lang='lat'><strong><em>¹</em></strong></span> <span class='ocrx_word' id='word_1_203' title='bbox 347 4227 489 4341; x_wconf 77' lang='lat' dir='ltr'><strong>schedia</strong></span> <span class='ocrx_word' id='word_1_204' title='bbox 508 4230 688 4337; x_wconf 77' lang='lat' dir='ltr'><strong>polluunt</strong></span> <span class='ocrx_word' id='word_1_205' title='bbox 704 4232 833 4315; x_wconf 80' lang='lat' dir='ltr'><strong>vellet.</strong></span> <span class='ocrx_word' id='word_1_206' title='bbox 897 4233 1062 4340; x_wconf 78' lang='lat' dir='ltr'><strong>Apposui</strong></span> <span class='ocrx_word' id='word_1_207' title='bbox 1090 4237 1204 4339; x_wconf 88' lang='lat' dir='ltr'><strong>igitur</strong></span> <span class='ocrx_word' id='word_1_208' title='bbox 1230 4232 1314 4325; x_wconf 82' lang='lat' dir='ltr'><strong>illa,</strong></span> <span class='ocrx_word' id='word_1_209' title='bbox 1347 4236 1397 4308; x_wconf 89' lang='lat' dir='ltr'><strong>in</strong></span> 
     </span>
    </p>
   </div>
   <div class='ocr_carea' id='block_1_11' title="bbox 0 0 1490 5067">
    <p class='ocr_par' dir='ltr' id='par_1_12' title="bbox 0 0 1490 5067">
     <span class='ocr_line' id='line_1_30' title="bbox 0 0 1490 5067; baseline 0 0"><span class='ocrx_word' id='word_1_210' title='bbox 0 0 1490 5067; x_wconf 95' lang='lat' dir='ltr'><strong> </strong></span> 
     </span>
    </p>
   </div>
  </div>
 </body>
</html>
